3102 4902
587 313 827 382 rnturmro.
927 353 932 367 ·
1134 279 1247 386 “x'vu

148 486 215 533 νου
240 456 339 528 κατά
361 451 486 542 τάξιν,
508 455 665 538 πλησίον
700 464 769 528 τοῦ
794 437 932 552 θρόνου
956 464 1026 528 τοῦ
1049 457 1247 556 βασιλικοῦ

149 579 258 664 οὗτος
285 577 384 664 ἐ’στη.
437 582 508 652 Pro
524 605 600 678 quo
625 583 702 678 ipsa
728 580 937 658 doctissima
964 574 1137 682 Princeps
1159 587 1247 657 scri-

151 719 289 804 pserat:
323 702 560 785 stoeteovsog
585 698 626 775 δὲ
650 706 790 774 τούτου
818 699 1068 786 sacrissacris
1089 714 1201 805 χεῖρα
1226 711 1248 780 ὁ

151 830 327 928 βασιλεὺς
357 827 420 899 καὶ
453 834 516 912 τῆς
549 827 685 902 ἐκείνου
714 831 899 931 ἁψάμενος
928 830 1053 931 χειρὸς
1060 886 1071 920 ,
1097 833 1160 919 παὶ
1180 835 1248 916 τὴν

154 956 294 1038 συνήθη
330 957 411 1036 τοῖς
441 951 641 1050 βασιλεῦσι
666 935 959 1054 προσαγόρευσιν
992 957 1248 1049 ποιησάμενος,

153 1079 252 1172 ἐγγὺς
286 1081 355 1148 τοῦ
385 1076 582 1174 βασιλικοῦ
611 1081 878 1174 παρεστήσατο
915 1078 1062 1179 θρόνου.
1123 1081 1182 1154 Sic
1212 1096 1250 1156 et

153 1203 216 1274 lib.
235 1207 314 1295 12,
335 1201 401 1273 ubi
415 1201 630 1300 Dyrrhachii
643 1203 731 1273 situs
755 1201 989 1276 describitur:
1011 1205 1050 1276 ἐν
1074 1203 1125 1299 τῷ
1149 1204 1249 1300 μέσῳ

152 1319 196 1396 δὲ
220 1319 298 1422 εἶχε
323 1323 479 1418 πέλαγος
503 1324 713 1417 ήπλυμένον
738 1325 834 1396 πολὺ
858 1323 921 1396 καὶ
952 1323 1112 1425 μακράν·
1149 1325 1249 1398 κατά
1311 1310 1313 1316 ¹

152 1451 218 1541 μὲν
242 1446 287 1518 τά
311 1437 452 1529 πλάτος
485 1445 751 1546 παρατείνεται
780 1447 845 1518 καὶ
869 1444 1094 1534 ἐξαπλοῦται
1119 1451 1169 1533 εἰς
1193 1450 1245 1522 τά

151 1571 299 1670 πέραμα
323 1577 386 1654 τῆς
407 1569 579 1653 Ἰταλίας.
630 1573 728 1670 ipsa:
754 1575 793 1644 ἐν
818 1577 870 1668 τῷ
890 1573 990 1670 μέσῳ
1007 1569 1048 1646 δὲ
1068 1577 1246 1672 ὑφήπλω-

150 1723 218 1767 ται
244 1695 396 1790 πέλαγος
419 1695 517 1766 πολὺ
543 1695 605 1766 καὶ
630 1695 779 1795 μακράν,
802 1695 866 1782 καὶ
890 1696 988 1769 κατά
1014 1699 1155 1782 πλάτος
1178 1708 1246 1792 μὲν

150 1825 372 1919 παρατεῖνον
387 1821 444 1902 εἰς
466 1821 534 1902 τὴν
559 1819 714 1921 περαίαν
734 1826 806 1894 τῶν
835 1821 1024 1896 Ἰταλάν.“
1073 1825 1137 1896 His
1160 1849 1244 1922 spe-

35 2039 36 2048 *
152 1946 495 2018 ciminibus'insunt
520 1969 606 2018 sane
630 1945 755 2042 plura,
786 1971 881 2044 quae
907 1946 1160 2044 quotidianam
1185 1950 1243 2020 io·
1328 1955 1331 1958 ’

152 2070 290 2167 quendi
321 2068 624 2145 consuetudinem
658 2067 868 2164 redoleant,
901 2071 1018 2168 qualis
1053 2069 1243 2168 hodieque

150 2192 248 2291 apud
273 2193 430 2268 Graecos
456 2193 609 2269 obtinet·
659 2193 732 2266 Nec
755 2207 881 2266 tamen
905 2195 1040 2291 vulgari
1061 2196 1183 2291 lingua
1199 2221 1242 2268 ea

148 2318 283 2413 scripta
309 2317 549 2411 crediderim,
580 2317 719 2415 quippe
752 2316 855 2415 quod
886 2319 943 2391 vel
966 2316 1241 2392 Comnenorum

95 2529 100 2542 .
147 2453 278 2534 aetate,
296 2439 430 2515 nedum
448 2443 492 2514 iis
506 2443 747 2538 temporibus,
766 2443 899 2539 quibus
919 2442 1006 2514 vixit
1015 2441 1242 2538 Epitomator

35 2623 36 2658 r
147 2565 226 2658 iste,
253 2587 475 2661 sermonem,
500 2590 576 2663 quo
595 2567 699 2664 vulgo
713 2566 839 2638 Graeci
864 2567 1074 2659 utebantur,
1099 2567 1138 2638 in
1155 2568 1240 2638 bar*

35 2663 37 2680 ³
147 2688 285 2760 bariem
311 2689 428 2760 multo
442 2689 645 2762 foediorem
667 2691 740 2761 iam
762 2689 1008 2786 degenerasse,
1034 2690 1241 2760 certissimis

152 2813 368 2906 argumentis
397 2811 526 2885 videor
559 2815 652 2885 mihi
683 2815 841 2910 probare
865 2837 982 2910 posse.
1044 2813 1166 2902 Quare
1188 2813 1240 2884 sic
1313 2891 1318 2904 ,

148 2947 277 3029 statuo,
298 2937 603 3032 Epitomatorem,
633 2961 715 3008 curn
731 2917 944 3008 ‘Alexia'dem
970 2935 1017 3008 ad
1038 2935 1238 3009 faciliorem

146 3058 418 3156 intelligentiam
446 3061 724 3132 accommodare
749 3062 873 3154 veliet,
905 3085 974 3159 pro
1007 3062 1158 3133 vocibus
1180 3061 1238 3130 lo·

35 3171 36 3226 1
146 3181 360 3280 quendique
376 3183 539 3257 formulis
559 3185 864 3282 exquisitioribus,
882 3185 1015 3282 quibus
1031 3185 1237 3257 orationem
1341 3193 1349 3208 '

145 3329 246 3378 suam
260 3305 361 3380 Anna
383 3309 557 3402 distinxit,
581 3310 726 3380 notiora
748 3308 894 3405 passim,
919 3305 1102 3379 interdum
1126 3308 1236 3378 etiam

147 3426 193 3498 de
216 3429 324 3501 trivio
351 3446 492 3526 sumta,
517 3434 750 3506 substituisse.
803 3431 908 3522 Quae
928 3432 1075 3503 licentia
1101 3431 1237 3524 effecit,

146 3564 207 3646 ut,
231 3555 414 3651 quidquid
446 3555 729 3654 discrepantium
762 3557 961 3648 lectionum
994 3555 1125 3650 habet,
1149 3581 1236 3652 per-

146 3701 255 3772 quam
282 3677 416 3751 dubiae
439 3683 660 3754 auctoritatis
679 3681 882 3779 putandum
902 3671 965 3754 sit·
1017 3679 1117 3772 Quin
1140 3679 1233 3752 adeo

35 3867 36 3874 ,
138 3802 339 3900 pleraeque
377 3829 424 3876 ne
458 3805 587 3904 dignae
620 3804 771 3903 quidem
805 3804 992 3897 videntur,
1027 3806 1166 3901 quibus
1194 3804 1234 3874 iu

142 3923 328 3998 Variarum
353 3927 565 4003 Lectionum
593 3943 768 4027 apparatu
800 3929 949 4025 angulus
974 3927 1210 4000 concedatur:

35 4125 37 4156 ,
241 4047 296 4119 Ab
331 4051 388 4122 his
415 4053 592 4148 Epitomis
631 4053 769 4126 diversa
803 4067 839 4124 et
860 4053 986 4123 -muito
1012 4051 1160 4122 maioris
1187 4028 1245 4120 ad¹

147 4171 251 4244 crisin
277 4178 457 4247 momenti
473 4191 527 4248 est
541 4178 608 4249 alia
622 4175 800 4251 Alexiadis
814 4177 994 4274 Epitome,
1016 4173 1118 4246 libris
1131 4172 1234 4267 vlit,

215 4303 294 4356 Anna
310 4303 458 4376 comnena.
