3102 4902
257 307 416 368 xxxvttt
649 305 766 368 PETRI
796 302 951 367 Possim

257 493 384 535 maenae
406 493 465 536 non
486 473 674 534 tolerabilius
689 473 795 534 abesse
809 494 899 556 posse
922 493 1016 556 quam
1038 493 1095 532 uer
1114 472 1155 534 ab
1178 493 1270 548 anno,
1291 474 1355 552 egit

189 563 192 568 ¹
256 582 375 642 Romae
390 601 448 662 per
466 580 580 640 litteras
598 594 627 640 et
646 594 736 640 certos
756 581 888 642 bomines
910 600 977 643 cum
999 579 1245 640 Eminentissimo
1269 565 1350 640 Car-

256 685 359 746 dinali
388 688 560 749 Francisco
576 687 783 762 eumenus,
806 687 951 771 Principe
972 685 1120 748 iuvandis
1143 689 1249 748 litteris
1269 701 1350 764 nato,

254 805 287 852 ut
306 793 332 850 si
351 813 436 874 quem
456 793 687 874 locupletissima
708 813 762 852 sua
779 793 922 854 librorum
935 806 1067 854 ueterum
1081 806 1110 852 et
1130 795 1350 856 rarissimorum

249 920 330 982 penu
352 898 460 958 Annae
484 899 649 960 Comnenae
670 899 808 961 codicem
826 900 966 976 liaberet,
981 900 1048 959 eius
1075 899 1197 982 copiam
1216 899 1261 958 ad
1283 900 1349 962 edi-

254 1009 366 1085 tionem
394 1005 514 1069 Praelis
541 1009 639 1089 Regius
668 1029 706 1068 ne
739 1007 927 1068 commodare
957 1017 1144 1086 gqaoamtur.
1196 1004 1289 1065 Misit
1323 1007 1350 1066 is

253 1116 359 1174 statim
380 1114 489 1176 librum
508 1115 544 1180 in
564 1116 672 1174 charta
703 1116 849 1198 scriptum
878 1133 938 1174 non
958 1114 1086 1196 antiqua
1106 1133 1208 1188 manu,
1229 1131 1286 1172 nec
1302 1113 1350 1172 in-

254 1235 386 1300 tegrum:
416 1221 470 1280 sed
489 1219 590 1280 Lucae
612 1219 767 1280 Holstenii
797 1221 862 1284 oiri
887 1196 1058 1281 doctissimi
1078 1217 1269 1280 Barberinae
1294 1217 1351 1276 Bi-

254 1329 415 1396 bliotbecae
438 1330 591 1390 circatoris
611 1329 770 1409 diligentia
793 1326 887 1388 solers
900 1324 1036 1408 fecerat,
1060 1339 1092 1386 ut
1105 1326 1174 1388 usui
1195 1347 1257 1386 esse
1273 1347 1351 1409 pene

248 1457 309 1520 pro
329 1439 443 1518 integro
458 1450 568 1520 posset.
608 1437 644 1498 Is
665 1433 799 1496 codicem
816 1434 893 1492 bunc
912 1435 1013 1494 multis
1034 1433 1107 1494 locis
1127 1431 1262 1494 nimilum
1282 1452 1350 1490 cum

254 1545 318 1606 ulio
343 1557 512 1628 peroeuato
533 1545 566 1604 in
586 1543 781 1628 membranis,
817 1541 995 1625 imperfecto
1029 1552 1058 1600 et
1087 1541 1152 1623 ipso
1173 1539 1350 1622 lacunisque

252 1653 430 1730 dcfisrntato,
454 1673 539 1738 quem
561 1663 631 1712 ante
651 1651 703 1710 bos
720 1669 837 1733 paucos
858 1669 968 1708 menses
990 1649 1023 1708 in
1039 1647 1228 1708 Bibliotheca
1243 1646 1350 1710 Medi-

252 1782 308 1822 cea
330 1761 504 1822 Florentiae
518 1759 596 1836 vidi,
620 1758 840 1846 accuratissime
853 1755 1035 1817 contulerat:
1056 1775 1096 1816 ac
1116 1755 1189 1832 quia
1209 1774 1268 1814 riori
1275 1754 1351 1832 sere

240 1869 359 1930 'iisdem
377 1868 450 1928 locis
470 1866 559 1926 ambo
579 1864 728 1950 exempla
740 1863 926 1948 deficiebant,
941 1863 1026 1924 nnius
1046 1861 1171 1928 hiatibus
1193 1882 1235 1920 ex
1256 1860 1351 1920 altero

251 1976 425 2060 explendis,
449 1995 509 2035 non
521 1977 631 2058 exigno
646 1996 699 2034 nec
715 1995 827 2058 parum
848 1972 933 2034 nobis
943 1969 1153 2054 praedicando
1174 1967 1277 2052 labore
1297 1987 1350 2027 suo

250 2086 392 2166 proxime
418 2085 619 2164 integritatem
647 2083 837 2165 perduxerat
859 2081 1060 2142 Barberinum
1080 2077 1241 2152 codicem,·
1264 2097 1351 2160 quem

253 2192 472 2275 illustrissimus
496 2189 710 2264 Cancellaritn
739 2190 788 2252 ad
807 2211 837 2250 se
863 2189 958 2250 Roma
977 2188 1149 2272 perlatum,
1167 2186 1215 2246 cui
1235 2197 1352 2250 uerten-

255 2297 328 2358 dum
352 2298 465 2358 Latine
485 2297 623 2375 traderet,
643 2319 703 2358 non
725 2298 778 2359 diu
799 2299 942 2382 quaesiit.
985 2295 1175 2376 Magnarum
1193 2305 1238 2351 est
1256 2303 1285 2352 et
1304 2312 1353 2350 re-

254 2407 358 2486 gendis
379 2407 466 2466 terris
484 2427 504 2466 a
524 2407 605 2466 coelo
620 2419 800 2490 paratarum
814 2408 963 2481 mentium,
987 2406 1069 2466 nibil
1082 2403 1228 2486 quamuis
1249 2401 1353 2460 obscu-

256 2534 321 2572 rum
336 2526 426 2595 atque
439 2512 551 2570 lcumile
570 2513 693 2570 nescire.
736 2511 835 2591 Igitur
853 2512 914 2570 mei
932 2531 1047 2592 quoque
1060 2511 1188 2570 nominis
1209 2507 1354 2592 quadam

257 2643 345 2704 usque
365 2621 409 2680 ad
427 2623 512 2680 istum
534 2622 648 2702 apicem
666 2619 754 2696 fiorte
773 2619 901 2702 appulsa
928 2619 1091 2708 mentione,·
1112 2637 1178 2676 cnm
1195 2628 1354 2696 praeterea

234 2725 237 2729 ⁸
257 2741 472 2789 memoraretur
497 2750 543 2788 me
560 2748 684 2811 operam
710 2729 783 2787 olim
806 2729 940 2812 aliquam
968 2727 1003 2788 in
1027 2706 1196 2811 quaerendo
1221 2726 1355 2810 posuisse

261 2836 408 2899 Tolosano
436 2833 531 2894 Fabri
562 2835 691 2912 Codice3
729 2813 966 2920 uoluntatemque
997 2833 1154 2894 ostendisse
1182 2832 1356 2896 Alexiados

258 2941 509 3024 interpretandae,
527 2942 673 3022 negotium
690 2942 789 3000 statim
807 2941 965 3022 datumqest
976 2941 1094 3002 bonesto
1113 2941 1145 2999 in
1159 2939 1269 3022 primis
1287 2940 1355 2998 uiro

233 3113 235 3124 ,
257 3049 432 3110 Sebastiano
456 3050 613 3130 Craneoisy
636 3047 778 3132 ‘Officinis
804 3049 1034 3134 Typograpbiae
1054 3050 1162 3131 Regiae
1190 3047 1356 3124 Praefecto,

257 3149 395 3218 irtdtendi
413 3158 635 3241 quamprimum
657 3157 701 3218 ad
720 3178 885 3218 merecens
906 3155 1100 3217 allotiRoma
1115 3154 1252 3216 adito.-
1274 3152 1359 3237 qnod

258 3266 311 3326 ille
324 3266 394 3350 fide
413 3287 529 3338 sunema
539 3312 549 3342 ,
570 3285 655 3326 mora
687 3266 771 3326 milla
786 3265 942 3348 praestitit,
963 3264 1111 3326 adiunctis
1130 3264 1234 3324 litteris
1253 3261 1356 3345 quibus

258 3375 453 3456 significabat,
476 3387 593 3454 gratum
612 3392 675 3450 me,
697 3373 901 3456 Amplissimo
927 3373 1115 3434 Cancellario
1123 3374 1298 3452 fiscanum,
1318 3371 1355 3447 si,

258 3481 341 3564 qnod
352 3482 484 3564 primum
503 3492 668 3564 suppeteret
685 3481 794 3556 otiune,
814 3478 847 3539 in
873 3480 1037 3540 versionem
1057 3477 1221 3540 Alexiadis
1240 3478 1357 3555 corffer-

257 3606 330 3648 rcm.
371 3585 469 3646 Eram
490 3607 542 3666 ego
561 3599 622 3646 tum
642 3585 725 3647 baud
738 3607 850 3667 parum
869 3585 997 3646 diuersis
1018 3605 1177 3656 sacrarum„
1191 3581 1357 3647 litterarum

258 3693 361 3752 studiis
381 3695 551 3756 immersus.-
569 3696 744 3778 primnsqne
766 3695 819 3754 ille
842 3715 878 3754 ao
899 3694 1039 3754 iuoerdlis
1052 3693 1148 3754 ardor
1166 3706 1277 3778 operae
1296 3713 1363 3774 rea..a

258 3801 379 3861 eandm
398 3801 432 3861 in
448 3801 580 3862 Graecis
599 3801 846 3886 interpretandis,
868 3813 898 3862 et
919 3814 1049 3885 tempore
1069 3802 1134 3882 ipso
1152 3807 1354 3876 consenuerat,

259 3922 289 3969 ct
310 3911 505 3993 experientia
525 3913 682 3972 molestiae
714 3931 907 3994 nequaquam
927 3912 1005 3993 pori
1012 3911 1124 3989 fructu
1144 3920 1356 3988 compensatae

258 4038 338 4101 quae
357 4007 523 4101 peitricoso
554 4022 606 4080 isti
635 4023 752 4100 negotio
773 4021 867 4097 inest,
896 4020 1070 4096 refrixerat
1089 4038 1162 4078 sarie
1176 4016 1356 4099 plurimum.

263 4128 380 4188 Tamen
401 4131 568 4192 reverentia
583 4127 752 4192 venerandi
764 4129 893 4190 nominis
903 4129 1064 4203 instinctus,
1090 4123 1214 4188 sublatis
1237 4137 1355 4208 repente
