3102 4902
235 339 273 398 X*
565 333 762 398 LUDOVlCl
792 331 991 398 scuortut

234 479 293 571 fit,
314 478 401 550 odio
421 468 592 574 implevit.
619 479 688 550 Res
707 477 797 548 satis
817 489 904 548 uota
918 489 972 546 est
983 501 1066 548 cum
1089 501 1132 548 ex
1159 479 1215 570 iis,
1238 503 1332 574 quae

236 606 275 675 in
300 603 431 700 Syllog.
463 603 573 698 Epist.
599 602 721 674 Burm.
746 601 923 672 Tom.lll.
956 627 993 696 p.
1023 605 1104 672 175.
1134 604 1215 674 179.
1248 606 1328 676 186.

241 729 328 799 1922
341 705 423 823 sqq.
441 740 477 798 et
495 729 576 798 575.
605 739 809 818 narrantur,
831 739 910 795 tum
935 749 1021 796 vero
1047 726 1154 798 etiam
1181 752 1223 797 cx
1246 727 1333 822 Epi·
1373 717 1376 724 ⁶

240 851 331 922 stola
357 851 555 942 Gronovii,
581 848 628 920 ad
641 848 721 920 Ant.
739 847 979 920 Clementium
1005 873 1037 919 a.
1055 851 1160 921 1656.
1186 849 1270 922 data
1295 866 1331 922 et

239 975 334 1046 libro
361 973 407 1046 de
440 975 618 1046 Sestertiis
655 975 857 1045 subiuncta.
925 975 965 1046 ln
1003 998 1046 1045 ea
1081 975 1240 1070 Epistola
1277 976 1332 1046 vir

237 1100 562 1195 praestantissimus
594 1099 686 1198 haee
709 1097 854 1192 scribit,
884 1124 920 1195 p.
944 1101 1048 1170 681.:
1078 1099 1214 1191 „Narro
1240 1100 1329 1186 tihi,

237 1247 297 1294 me
323 1223 460 1296 Romae
485 1225 617 1319 partim
643 1247 746 1316 mea,
770 1224 904 1318 partim
930 1223 1044 1294 multo
1071 1246 1159 1294 auro
1182 1220 1330 1294 redem-

235 1359 299 1442 pta
333 1371 445 1418 mauu
480 1345 709 1444 descripsisse
741 1345 928 1418 Alexiades
952 1347 1078 1418 Annae
1103 1344 1331 1440 Comnenae,

238 1484 276 1541 et
300 1473 386 1568 quia
411 1470 630 1542 mendosum
647 1485 733 1542 erat
757 1471 964 1568 exemplar,
990 1497 1074 1542 eum
1100 1473 1329 1566 Florentino,

235 1596 286 1665 ‘ob
312 1595 408 1666 hanc
431 1596 547 1691 ipsam
579 1619 723 1668 eausam
755 1596 901 1667 ineam
935 1597 1086 1690 urbem,
1119 1621 1230 1691 quam
1256 1597 1328 1666 iam

235 1718 418 1820 uideram,
458 1743 641 1790 reversum
677 1721 882 1792 contulisse.
943 1721 1048 1792 Fecit¹
1071 1718 1170 1791 idern
1204 1735 1331 1816 postea

178 1821 183 1831 ⁶
237 1843 387 1914 otiosius
420 1845 532 1916 Lucas
565 1845 792 1939 Holsteuius,
830 1871 871 1915 ex
908 1846 1009 1916 cuius
1043 1844 1171 1916 codice
1205 1869 1329 1915 meum

236 1968 441 2064 exemplum
465 1957 687 2065 paraveram,
710 1982 747 2041 et
768 1971 797 2040 si
825 1968 933 2040 edere
959 1970 1101 2062 vellem,
1126 1969 1228 2038 illum
1255 1970 1327 2038 ianr

236 2090 526 2164 emendatiorem
560 2094 719 2190 benigne
751 2094 894 2166 obtulit.
945 2093 1029 2166 Erat
1060 2106 1139 2164 tum
1165 2093 1204 2162 in
1230 2092 1329 2162 ltalia

233 2215 308 2289 Nic.
323 2217 506 2312 Heinsius,
533 2233 674 2292 etcum
700 2219 853 2290 sarcinis·
873 2219 1040 2311 librariis,
1067 2242 1157 2314 quas
1168 2215 1328 2287 Venetiis

234 2341 415 2436 mittebat,
441 2342 593 2414 curandi
619 2343 667 2415 ad
688 2368 749 2415 me
774 2343 934 2414 studium
956 2342 1205 2438 pollicebatur.
1257 2337 1329 2410 Sed

231 2487 309 2538 non
346 2469 468 2562 potuit
505 2468 630 2539 induci
662 2467 889 2560 liolsteniuS,
924 2479 966 2536 ut
1003 2489 1086 2534 eum
1119 2465 1330 2534 thesaurum

233 2591 324 2660 mari
351 2593 614 2662 committeret:
640 2591 819 2662 terrestris
843 2591 900 2661 vie
925 2590 1050 2685 potior
1073 2588 1158 2659 risa.
1212 2587 1330 2656 luter·-

235 2727 361 2809 ceptus
397 2731 450 2786 est
474 2716 567 2787 liber
596 2717 634 2787 in
658 2715 794 2808 Gallia,
824 2713 1051 2809 traditusque
1087 2713 1126 2782 P.
1150 2711 1327 2782 Possin02

232 2849 274 2906 ut
298 2850 453 2910 verteret
473 2863 516 2910 ae
539 2838 752 2935 publicaret.
805 2837 846 2910 Id
870 2862 986 2934 quum
1009 2861 1076 2932 per
1093 2835 1214 2904 literas
1230 2831 1328 2903 indi-

148 3043 152 3049 ,
234 2975 349 3034 easset
373 2963 466 3035 mihi
493 2961 739 3059 Cramoysius,
772 2959 946 3059 respondi
979 2985 1045 3032 nos
1072 2983 1201 3030 ornnes
1225 2959 1329 3028 bono

231 3087 382 3182 publico
406 3086 572 3183 profiteri
600 3106 772 3184 operam:
806 3086 951 3183 quain
975 3109 1015 3156 re
1047 3084 1076 3153 si
1102 3083 1192 3152 alius
1217 3081 1327 3152 aliurn

236 3223 494 3304 anteverteret,
518 3235 596 3282 non
622 3212 820 3282 simultates
845 3206 1103 3306 suscipiendas,
1126 3204 1191 3276 sed
1212 3215 1328 3300 grates

234 3333 409 3431 agendas,
447 3334 550 3432 quod
589 3337 715 3408 labore
759 3335 934 3406 sublevati
977 3354 1155 3403 essemus:
1196 3327 1325 3422 utique

234 3459 322 3552 illis,
348 3485 509 3558 quorum
534 3487 610 3532 non
635 3461 899 3560 restringuntur
923 3459 1017 3530 intra
1053 3466 1243 3551 angustum
1266 3475 1330 3521 eo-

234 3582 339 3678 piac,
365 3598 409 3654 et
425 3599 535 3657 restat
556 3587 661 3680 satis,
686 3587 725 3658 in
753 3608 828 3683 quo
863 3583 1009 3656 laudem
1037 3602 1216 3676 occupare
1240 3597 1329 3672 pos-

139 3773 142 3782 ,
236 3705 384 3782 11111115ς
435 3709 484 3781 Ex
508 3711 565 3781 his
590 3711 710 3791 verbis
733 3708 822 3782 illud
847 3709 954 3779 simul
979 3703 1207 3800 intelligitur,
1231 3698 1330 3794 lipo-

234 3833 414 3928 graphum
429 3835 735 3930 ‘Gronovianum,
762 3837 820 3908 eui
846 3859 893 3906 ue
917 3833 990 3904 ulla
1017 3828 1168 3928 quidem
1193 3821 1331 3911 notula,

232 3954 334 4027 unde
357 3959 504 4056 originis
522 3961 689 4032 notitiam
705 3960 864 4054 haurias,
892 3956 1072 4051 adscripta
1084 3965 1149 4045 est,
1167 3973 1210 4020 ex
1234 3945 1329 4017 duo-

233 4081 302 4150 bus
328 4081 515 4155 codicibus
541 4100 707 4182 paratum
722 4109 809 4157 esse.
839 4083 1007 4175 Quorum
1023 4075 1174 4175 qtridenr
1200 4091 1328 4160 tinum,

234 4203 481 4281 Florentinum
509 4209 606 4303 dieo,
620 4208 819 4286 Baudinius
835 4207 873 4283 iu
887 4201 1057 4296 Catalogo
1070 4193 1187 4270 Codd.
1203 4193 1327 4267 Graec·
