3102 4902
238 217 392 266 .(·

249 339 335 413 xvl'
575 347 773 414 LUDOVICI
800 347 1005 416 SCHOPENI

250 492 327 587 pite
352 487 489 569 mutila.
541 485 688 562 Constat
714 489 812 569 soliis
840 505 936 563 octo.
996 491 1047 562 Ita
1072 490 1218 588 incipit:
1252 499 1343 594 χρή-

146 692 151 714 .
249 637 355 704 ματα
383 609 519 707 ἀρκετά
553 606 640 694 δούς
679 615 796 706 αὐτῷ·
861 607 955 685 όταν
986 614 1142 696 τούτους
1178 617 1342 714 ἀγοράσω

249 735 310 806 καὶ
323 733 546 833 ἐλευθερόσή
559 736 703 831 γράψας
720 735 895 833 καὶπρὸς
917 737 985 809 τόν
1012 745 1196 837 Αμεριμνή
1221 742 1344 813 πολλὰ

234 859 504 959 περὶτούτων.
581 861 611 928 Ο
639 854 680 930 δὲ
706 859 876 932 ἀπελθόν
908 859 1063 960 καὶτὰς
1087 862 1231 962 γραφὰς
1258 862 1343 948 δοὺς

248 983 311 1054 καὶ
335 982 564 1077 ύπαναγνούς
589 980 699 1080 χωρὶς
720 988 847 1086 τιμῆς,
883 980 1042 1064 ἀπέδωκε
1067 986 1155 1068 τούς
1180 987 1343 1083 κόμητας

248 1101 417 1189 ἅπαντας
442 1101 527 1180 ἄνευ
550 1092 621 1176 τοῦ
647 1110 855 1207 Γοντοφρὲ·
880 1111 1015 1182 ἐκεῖνον
1036 1110 1103 1207 γὰρ
1121 1111 1342 1212 προέφθασε

247 1231 412 1314 πωλήσαι
445 1229 534 1328 πρὸς
568 1229 636 1302 τὸν
664 1224 831 1328 ἀδελφὸν
864 1235 983 1303 αὐτοῦ
1014 1233 1082 1306 τὸν
1104 1229 1341 1308 Βαλδουῖνον.

247 1356 429 1438 ἐλθόντας
454 1351 494 1427 δὲ
522 1355 608 1437 τοὺς
626 1355 789 1448 κόμητας
815 1359 865 1439 εἰς
888 1357 955 1439 τήν
980 1358 1228 1453 μεγαλόπολιν
1247 1356 1342 1430 ἐντί-

247 1505 317 1574 μως
347 1481 368 1550 ὁ
399 1479 574 1576 βασιλεὺς
605 1475 831 1564 ἀπεδέξατο·
892 1480 955 1552 καὶ
985 1484 1164 1579 χρήματα
1196 1477 1343 1562 ἐπιδοὺς

246 1603 308 1676 καὶ
330 1605 552 1684 ἀναπαύσας
577 1602 673 1696 μετὰ
694 1607 815 1705 χαρᾶς
847 1601 1103 1690 ἐξαπέστειλεν
1129 1609 1179 1689 εἰς
1203 1607 1253 1678 τά
1279 1610 1344 1678 αὐ-

246 1733 317 1800 τόν
342 1727 515 1819 ὀσπήτια.
568 1730 598 1797 Ο
625 1721 666 1798 δὲ
687 1730 877 1826 Γοντοφρέ
902 1729 1016 1802 πόλιν
1040 1723 1128 1814 δοὺξ
1154 1735 1189 1812 ἐς
1212 1731 1264 1802 τὰ
1288 1737 1342 1802 Ιε-

247 1851 440 1951 ροσόλυμα
466 1851 807 1937 ἀποκατασταθεὶς,
833 1852 901 1927 τόν
920 1850 1087 1950 ἀδελφόν
1113 1853 1230 1926 αὐτοῦ
1242 1857 1342 1926 Βαλ-

246 1969 391 2048 δουῖνον
414 1975 631 2048 ἀπέστειλεν
650 1977 699 2058 εἰς
724 1968 880 2048 Εδεσαν.
916 1976 1021 2069 Quae
1039 1981 1149 2054 verba
1175 1979 1344 2052 incidunt

246 2103 285 2174 in
315 2101 401 2174 edit.
416 2101 526 2174 Paris.
546 2125 583 2197 ρ.
597 2105 679 2174 328.
695 2101 738 2172 D.
765 2095 859 2173 Finis
884 2101 947 2174 hio
972 2118 1041 2176 est:
1076 2104 1153 2198 Εγά
1168 2103 1255 2202 πρός
1273 2103 1344 2186 τήν
1382 2159 1386 2164 -

247 2223 348 2298 ἰδίαν
369 2221 485 2310 ήλθον
507 2226 634 2322 χώραν
652 2224 748 2296 κακά
772 2225 872 2296 κατὰ
898 2252 968 2298 σου
986 2227 1255 2325 βουλευόμενος·
1282 2227 1343 2299 ἐπὶ

244 2355 359 2420 τοῦτο
384 2349 453 2446 γόρ
474 2347 536 2418 καὶ
562 2343 630 2436 ζων
651 2349 718 2432 τήν
756 2349 1138 2448 Ρωμανίανὲτόραξα.
1163 2352 1225 2423 καὶ
1251 2353 1343 2422 ἀπο-

246 2473 372 2544 θανὼν
398 2473 511 2544 πόλιν
547 2472 667 2566 μέλλω
696 2469 865 2570 ταράξαι.
927 2453 1106 2545 Ἐνταῦθα
1132 2477 1199 2570 γὰρ
1224 2475 1344 2544 ἐλθὼν

246 2595 375 2670 πᾶσαν
402 2597 470 2679 τήν
501 2591 773 2694 Λογγιβαρδίαν
809 2597 872 2668 καὶ
910 2598 997 2678 τοὺς
1025 2597 1243 2694 Νορμανοὺς
1279 2593 1343 2664 καὶ

248 2721 335 2803 τοὺς
365 2721 545 2823 Φράγγους
588 2719 651 2790 καὶ
685 2721 905 2814 Αλαμάνους
937 2720 1035 2791 κατὰ
1076 2715 1146 2790 σοῦ
1176 2717 1239 2788 καὶ
1270 2723 1368 2795 τόν,

219 2904 224 2912 .
249 2842 321 2919 σόν
346 2850 471 2944 χωρῶν
495 2845 638 2928 κινήσω.
690 2839 750 2926 ἕως
776 2840 821 2917 ἀν
846 2843 892 2915 τὸ
918 2844 1090 2940 κοντάριν
1102 2867 1175 2935 μου
1200 2844 1251 2922 εἰς
1276 2841 1343 2924 τήν

248 2968 358 3041 πόλιν
384 2965 489 3054 πήξει.
516 2970 565 3050 εἰς
589 2969 779 3052 τοσαύτην
806 2965 1028 3056 ἀλαζονείαν
1045 2968 1181 3064 ἐπήρθη
1208 2969 1228 3037 ὁ
1253 2965 1344 3063 βάρ-
1376 3013 1378 3018 ,

249 3093 368 3194 βαρος.
419 3095 481 3165 His
505 3095 748 3191 subscriptum
775 3107 841 3165 est:
871 3095 1033 3179 TEAOC
1061 3089 1343 3165 ΑΛΕΞΙΑΔΟΟ

250 3216 554 3289 ΕΝΔΕΚΑΤΗΟ.
605 3222 685 3314 Ipse
703 3217 907 3290 Gronovius
927 3215 1156 3313 iampridem
1184 3217 1223 3287 in
1239 3215 1342 3286 Obss.
1380 3203 1385 3208 ’

251 3344 305 3415 Ν.
326 3345 382 3416 19.
410 3367 447 3439 p.
469 3337 554 3414 7217.
583 3341 657 3414 duo
686 3367 728 3412 ex
761 3342 861 3413 hisce
889 3341 1066 3438 Epitomis
1100 3341 1253 3437 protulit
1274 3337 1345 3411 ira·
1378 3347 1386 3354 '

252 3479 418 3565 gmenta,
444 3490 539 3562 quae
563 3465 679 3538 visum
706 3479 760 3535 εει
782 3465 845 3535 hic
878 3487 1085 3560 apponere,
1113 3489 1187 3559 quo
1215 3463 1347 3533 certius

252 3591 460 3665 libellomm
487 3590 639 3662 istorum
664 3589 756 3662 ratio
784 3602 1032 3684 cognoscatur.
1059 3589 1348 3684 „Fragmentum,

255 3716 394 3812 inquit,
426 3713 615 3786 Alexiados
650 3713 775 3784 Annae
815 3709 1024 3784 Comnenae
1058 3714 1269 3784 translatum
1307 3711 1347 3780 in

253 3841 414 3936 linguam
439 3838 621 3935 vulgarem
649 3835 794 3910 Graecis
819 3849 903 3907 ante
928 3850 1071 3932 captam
1088 3833 1348 3908 Constantino-

253 3954 391 4060 polim,
413 3945 556 4034 lih.13.'
580 3957 816 4038 εἰσελθόντος
850 3953 891 4028 δὲ
916 3963 980 4040 τής
998 3958 1130 4040 τέντας
1155 3955 1257 4037 ἐντός
1280 3954 1346 4033 τήν

256 4091 367 4184 χεῖρα
391 4083 568 4164 ἀπλύοας
601 4082 838 4178 όβοισιλεὺς,
870 4081 932 4152 καὶ
958 4082 1025 4162 τήν
1050 4083 1188 4152 τούτου
1213 4077 1349 4175 κρατή·

258 4235 326 4292 σας
347 4215 481 4308 χεῖρα·
533 4205 596 4278 καὶ
628 4207 697 4279 τὸν
725 4207 888 4304 βασιλέα
917 4208 1238 4303 προσκυνήσαντος
1264 4197 1349 4274 ἐκεί-
