<?xml version="1.0" encoding="UTF-8"?>
<!DOCTYPE html PUBLIC "-//W3C//DTD XHTML 1.0 Transitional//EN"
    "http://www.w3.org/TR/xhtml1/DTD/xhtml1-transitional.dtd">
<html xmlns="http://www.w3.org/1999/xhtml" xml:lang="en" lang="en">
 <head>
  <title>
</title>
<meta http-equiv="Content-Type" content="text/html;charset=utf-8" />
  <meta name='ocr-system' content='tesseract 3.04.00' />
  <meta name='ocr-capabilities' content='ocr_page ocr_carea ocr_par ocr_line ocrx_word'/>
</head>
<body>
  <div class='ocr_page' id='page_1' title='image "annaecomnenaeal01schogoog_0023.png"; bbox 0 0 3102 4902; ppageno 0'>
   <div class='ocr_carea' id='block_1_1' title="bbox 276 275 1017 345">
    <p class='ocr_par' dir='ltr' id='par_1_1' title="bbox 276 275 1017 345">
     <span class='ocr_line' id='line_1_1' title="bbox 276 275 1017 345; baseline -0.003 -2"><span class='ocrx_word' id='word_1_1' title='bbox 276 281 376 344; x_wconf 87' lang='lat' dir='ltr'><strong>llVlll</strong></span> <span class='ocrx_word' id='word_1_2' title='bbox 591 275 787 342; x_wconf 83' lang='lat' dir='ltr'><strong>tunovlct</strong></span> <span class='ocrx_word' id='word_1_3' title='bbox 817 276 1017 345; x_wconf 85' lang='lat' dir='ltr'>SCHOPENI</span> 
     </span>
    </p>
   </div>
   <div class='ocr_carea' id='block_1_2' title="bbox 276 415 1375 3243">
    <p class='ocr_par' dir='ltr' id='par_1_2' title="bbox 276 415 1375 3243">
     <span class='ocr_line' id='line_1_2' title="bbox 278 415 1371 518; baseline 0.005 -26"><span class='ocrx_word' id='word_1_4' title='bbox 278 445 374 518; x_wconf 91' lang='lat' dir='ltr'><strong>quae</strong></span> <span class='ocrx_word' id='word_1_5' title='bbox 400 415 528 491; x_wconf 88' lang='lat' dir='ltr'><strong>codiee</strong></span> <span class='ocrx_word' id='word_1_6' title='bbox 552 417 778 518; x_wconf 84' lang='lat' dir='ltr'><strong>Augustano,</strong></span> <span class='ocrx_word' id='word_1_7' title='bbox 812 443 911 490; x_wconf 92' lang='lat' dir='ltr'><strong>nunc</strong></span> <span class='ocrx_word' id='word_1_8' title='bbox 940 420 1167 513; x_wconf 86' lang='lat' dir='ltr'><strong>Monacensi,</strong></span> <span class='ocrx_word' id='word_1_9' title='bbox 1201 424 1371 498; x_wconf 90' lang='lat' dir='ltr'><strong>continc-</strong></span> 
     </span>
     <span class='ocr_line' id='line_1_3' title="bbox 277 542 1370 639; baseline 0.005 -23"><span class='ocrx_word' id='word_1_10' title='bbox 277 558 348 618; x_wconf 90' lang='lat' dir='ltr'><strong>tnr.</strong></span> <span class='ocrx_word' id='word_1_11' title='bbox 409 544 497 614; x_wconf 86' lang='lat' dir='ltr'><strong>Eam</strong></span> <span class='ocrx_word' id='word_1_12' title='bbox 533 567 647 639; x_wconf 86' lang='lat' dir='ltr'><strong>opera</strong></span> <span class='ocrx_word' id='word_1_13' title='bbox 679 543 767 614; x_wconf 82' lang='lat' dir='ltr'><strong>Dav.</strong></span> <span class='ocrx_word' id='word_1_14' title='bbox 802 543 1007 616; x_wconf 87' lang='lat' dir='ltr'><strong>Hoesehelii</strong></span> <span class='ocrx_word' id='word_1_15' title='bbox 1033 542 1168 615; x_wconf 90' lang='lat' dir='ltr'><strong>editam</strong></span> <span class='ocrx_word' id='word_1_16' title='bbox 1195 570 1272 618; x_wconf 89' lang='lat' dir='ltr'><strong>esse</strong></span> <span class='ocrx_word' id='word_1_17' title='bbox 1296 546 1370 622; x_wconf 88' lang='lat' dir='ltr'><strong>Au-</strong></span> 
     </span>
     <span class='ocr_line' id='line_1_4' title="bbox 277 662 1371 769; baseline 0.008 -30"><span class='ocrx_word' id='word_1_18' title='bbox 277 683 369 766; x_wconf 82' lang='lat' dir='ltr'><strong>gust.</strong></span> <span class='ocrx_word' id='word_1_19' title='bbox 393 667 534 740; x_wconf 87' lang='lat' dir='ltr'><strong>Vindel.</strong></span> <span class='ocrx_word' id='word_1_20' title='bbox 562 690 594 739; x_wconf 86' lang='lat' dir='ltr'><strong>a.</strong></span> <span class='ocrx_word' id='word_1_21' title='bbox 618 669 724 739; x_wconf 80' lang='grc'>1616.</span> <span class='ocrx_word' id='word_1_22' title='bbox 741 662 801 760; x_wconf 90' lang='grc'><strong>4.,</strong></span> <span class='ocrx_word' id='word_1_23' title='bbox 824 693 902 738; x_wconf 92' lang='lat' dir='ltr'><strong>non</strong></span> <span class='ocrx_word' id='word_1_24' title='bbox 928 669 1095 769; x_wconf 74' lang='lat' dir='ltr'><strong>ignorant</strong></span> <span class='ocrx_word' id='word_1_25' title='bbox 1125 669 1269 742; x_wconf 87' lang='lat' dir='ltr'><strong>eruditi.</strong></span> <span class='ocrx_word' id='word_1_26' title='bbox 1324 675 1371 748; x_wconf 87' lang='lat' dir='ltr'><strong>At</strong></span> 
     </span>
     <span class='ocr_line' id='line_1_5' title="bbox 279 771 1369 868; baseline 0.006 -6"><span class='ocrx_word' id='word_1_27' title='bbox 279 789 371 862; x_wconf 91' lang='lat' dir='ltr'><strong>illud</strong></span> <span class='ocrx_word' id='word_1_28' title='bbox 395 789 562 862; x_wconf 85' lang='lat' dir='ltr'><strong>nondum</strong></span> <span class='ocrx_word' id='word_1_29' title='bbox 589 791 627 861; x_wconf 91' lang='lat' dir='ltr'><strong>in</strong></span> <span class='ocrx_word' id='word_1_30' title='bbox 650 790 751 860; x_wconf 92' lang='lat' dir='ltr'><strong>libris</strong></span> <span class='ocrx_word' id='word_1_31' title='bbox 776 789 823 862; x_wconf 88' lang='lat' dir='ltr'><strong>de</strong></span> <span class='ocrx_word' id='word_1_32' title='bbox 845 790 1043 861; x_wconf 75' lang='lat' dir='ltr'><strong>litteratura</strong></span> <span class='ocrx_word' id='word_1_33' title='bbox 1066 771 1286 866; x_wconf 88' lang='lat' dir='ltr'><strong>Graecorum</strong></span> <span class='ocrx_word' id='word_1_34' title='bbox 1309 821 1369 868; x_wconf 91' lang='lat' dir='ltr'><strong>re-</strong></span> 
     </span>
     <span class='ocr_line' id='line_1_6' title="bbox 278 914 1368 1017; baseline 0.006 -31"><span class='ocrx_word' id='word_1_35' title='bbox 278 916 390 986; x_wconf 90' lang='lat' dir='ltr'><strong>latum</strong></span> <span class='ocrx_word' id='word_1_36' title='bbox 416 915 585 1008; x_wconf 82' lang='lat' dir='ltr'><strong>invenio,</strong></span> <span class='ocrx_word' id='word_1_37' title='bbox 612 914 682 990; x_wconf 87' lang='lat' dir='ltr'><strong>hac</strong></span> <span class='ocrx_word' id='word_1_38' title='bbox 717 915 885 1010; x_wconf 87' lang='lat' dir='ltr'><strong>Epitome</strong></span> <span class='ocrx_word' id='word_1_39' title='bbox 918 940 997 986; x_wconf 90' lang='lat' dir='ltr'><strong>non</strong></span> <span class='ocrx_word' id='word_1_40' title='bbox 1028 914 1166 1009; x_wconf 76' lang='lat' dir='ltr'><strong>solum,</strong></span> <span class='ocrx_word' id='word_1_41' title='bbox 1197 932 1239 990; x_wconf 91' lang='lat' dir='ltr'><strong>ut</strong></span> <span class='ocrx_word' id='word_1_42' title='bbox 1262 921 1368 1017; x_wconf 82' lang='lat' dir='ltr'><strong>vulgo</strong></span> 
     </span>
     <span class='ocr_line' id='line_1_7' title="bbox 280 1037 1369 1136; baseline 0.007 -26"><span class='ocrx_word' id='word_1_43' title='bbox 280 1039 504 1132; x_wconf 82' lang='lat' dir='ltr'><strong>existimant,</strong></span> <span class='ocrx_word' id='word_1_44' title='bbox 536 1063 579 1108; x_wconf 82' lang='lat' dir='ltr'><strong>ex</strong></span> <span class='ocrx_word' id='word_1_45' title='bbox 611 1037 790 1110; x_wconf 83' lang='lat' dir='ltr'><strong>Alexiadis</strong></span> <span class='ocrx_word' id='word_1_46' title='bbox 815 1039 917 1112; x_wconf 90' lang='lat' dir='ltr'><strong>libris</strong></span> <span class='ocrx_word' id='word_1_47' title='bbox 955 1051 1038 1110; x_wconf 85' lang='lat' dir='ltr'><strong>octo</strong></span> <span class='ocrx_word' id='word_1_48' title='bbox 1060 1040 1266 1136; x_wconf 78' lang='lat' dir='ltr'>prioribus,</span> <span class='ocrx_word' id='word_1_49' title='bbox 1303 1043 1369 1118; x_wconf 89' lang='lat' dir='ltr'><strong>sed</strong></span> 
     </span>
     <span class='ocr_line' id='line_1_8' title="bbox 279 1161 1369 1258; baseline 0.002 -22"><span class='ocrx_word' id='word_1_50' title='bbox 279 1186 323 1236; x_wconf 86' lang='lat' dir='ltr'><strong>ex</strong></span> <span class='ocrx_word' id='word_1_51' title='bbox 347 1176 427 1234; x_wconf 91' lang='lat' dir='ltr'><strong>toto</strong></span> <span class='ocrx_word' id='word_1_52' title='bbox 462 1161 539 1236; x_wconf 86' lang='lat' dir='ltr'><strong>fere</strong></span> <span class='ocrx_word' id='word_1_53' title='bbox 571 1187 683 1258; x_wconf 90' lang='lat' dir='ltr'><strong>opere</strong></span> <span class='ocrx_word' id='word_1_54' title='bbox 708 1163 883 1258; x_wconf 85' lang='lat' dir='ltr'><strong>Excerpta</strong></span> <span class='ocrx_word' id='word_1_55' title='bbox 916 1161 1106 1234; x_wconf 79' lang='lat' dir='ltr'><strong>contineri.</strong></span> <span class='ocrx_word' id='word_1_56' title='bbox 1153 1163 1303 1236; x_wconf 90' lang='lat' dir='ltr'>Dudum</span> <span class='ocrx_word' id='word_1_57' title='bbox 1328 1166 1369 1238; x_wconf 92' lang='lat' dir='ltr'><strong>id</strong></span> 
     </span>
     <span class='ocr_line' id='line_1_9' title="bbox 278 1285 1369 1383; baseline 0.003 -23"><span class='ocrx_word' id='word_1_58' title='bbox 278 1285 426 1380; x_wconf 81' lang='lat' dir='ltr'><strong>docuit,</strong></span> <span class='ocrx_word' id='word_1_59' title='bbox 453 1287 518 1358; x_wconf 87' lang='lat' dir='ltr'><strong>etsi</strong></span> <span class='ocrx_word' id='word_1_60' title='bbox 543 1312 672 1383; x_wconf 90' lang='lat' dir='ltr'><strong>parum</strong></span> <span class='ocrx_word' id='word_1_61' title='bbox 697 1300 882 1382; x_wconf 80' lang='grc'>00001010,</span> <span class='ocrx_word' id='word_1_62' title='bbox 912 1291 965 1358; x_wconf 91' lang='lat' dir='ltr'><strong>Io.</strong></span> <span class='ocrx_word' id='word_1_63' title='bbox 992 1285 1123 1361; x_wconf 79' lang='lat' dir='ltr'><strong>Christ.</strong></span> <span class='ocrx_word' id='word_1_64' title='bbox 1148 1287 1301 1361; x_wconf 89' lang='lat' dir='ltr'><strong>Wolfins</strong></span> <span class='ocrx_word' id='word_1_65' title='bbox 1328 1291 1369 1364; x_wconf 85' lang='lat' dir='ltr'><strong>iu</strong></span> 
     </span>
     <span class='ocr_line' id='line_1_10' title="bbox 281 1389 1368 1508; baseline 0.004 -28"><span class='ocrx_word' id='word_1_66' title='bbox 281 1389 449 1506; x_wconf 83' lang='lat' dir='ltr'><strong>Catalogo</strong></span> <span class='ocrx_word' id='word_1_67' title='bbox 476 1411 613 1482; x_wconf 88' lang='lat' dir='ltr'><strong>Femin.</strong></span> <span class='ocrx_word' id='word_1_68' title='bbox 637 1411 724 1484; x_wconf 90' lang='lat' dir='ltr'><strong>olim</strong></span> <span class='ocrx_word' id='word_1_69' title='bbox 751 1412 875 1484; x_wconf 82' lang='lat' dir='ltr'><strong>illustr.</strong></span> <span class='ocrx_word' id='word_1_70' title='bbox 901 1436 938 1508; x_wconf 89' lang='lat' dir='ltr'><strong>p.</strong></span> <span class='ocrx_word' id='word_1_71' title='bbox 953 1413 1037 1484; x_wconf 78' lang='lat'><strong>278.</strong></span> <span class='ocrx_word' id='word_1_72' title='bbox 1088 1411 1265 1486; x_wconf 87' lang='lat' dir='ltr'><strong>Nimirum</strong></span> <span class='ocrx_word' id='word_1_73' title='bbox 1288 1413 1368 1484; x_wconf 86' lang='lat' dir='ltr'><strong>edi-</strong></span> 
     </span>
     <span class='ocr_line' id='line_1_11' title="bbox 278 1534 1370 1632; baseline 0.004 -26"><span class='ocrx_word' id='word_1_74' title='bbox 278 1534 332 1606; x_wconf 92' lang='lat' dir='ltr'><strong>tio</strong></span> <span class='ocrx_word' id='word_1_75' title='bbox 347 1534 570 1629; x_wconf 80' lang='lat' dir='ltr'><strong>Hoeschelii,</strong></span> <span class='ocrx_word' id='word_1_76' title='bbox 595 1535 626 1606; x_wconf 89' lang='lat' dir='ltr'><strong>si</strong></span> <span class='ocrx_word' id='word_1_77' title='bbox 650 1547 790 1632; x_wconf 88' lang='lat' dir='ltr'><strong>septem</strong></span> <span class='ocrx_word' id='word_1_78' title='bbox 810 1534 975 1632; x_wconf 87' lang='lat' dir='ltr'><strong>priorum</strong></span> <span class='ocrx_word' id='word_1_79' title='bbox 1001 1536 1179 1609; x_wconf 88' lang='lat' dir='ltr'><strong>librorum</strong></span> <span class='ocrx_word' id='word_1_80' title='bbox 1205 1551 1242 1608; x_wconf 92' lang='lat' dir='ltr'><strong>et</strong></span> <span class='ocrx_word' id='word_1_81' title='bbox 1266 1537 1370 1610; x_wconf 87' lang='lat' dir='ltr'><strong>initia</strong></span> 
     </span>
     <span class='ocr_line' id='line_1_12' title="bbox 279 1659 1369 1758; baseline 0.004 -28"><span class='ocrx_word' id='word_1_82' title='bbox 279 1672 317 1730; x_wconf 89' lang='lat' dir='ltr'><strong>et</strong></span> <span class='ocrx_word' id='word_1_83' title='bbox 350 1660 463 1730; x_wconf 85' lang='lat' dir='ltr'><strong>exitus</strong></span> <span class='ocrx_word' id='word_1_84' title='bbox 498 1659 787 1757; x_wconf 70' lang='lat' dir='ltr'><strong>comparaveris,</strong></span> <span class='ocrx_word' id='word_1_85' title='bbox 828 1684 912 1732; x_wconf 87' lang='lat' dir='ltr'><strong>cum</strong></span> <span class='ocrx_word' id='word_1_86' title='bbox 945 1659 1109 1732; x_wconf 89' lang='lat' dir='ltr'><strong>Parisina</strong></span> <span class='ocrx_word' id='word_1_87' title='bbox 1137 1662 1246 1758; x_wconf 88' lang='lat' dir='ltr'><strong>plane</strong></span> <span class='ocrx_word' id='word_1_88' title='bbox 1277 1686 1369 1734; x_wconf 89' lang='lat' dir='ltr'><strong>eon-</strong></span> 
     </span>
     <span class='ocr_line' id='line_1_13' title="bbox 276 1782 1367 1882; baseline 0.005 -30"><span class='ocrx_word' id='word_1_89' title='bbox 276 1782 389 1882; x_wconf 53' lang='grc'>611111,</span> <span class='ocrx_word' id='word_1_90' title='bbox 411 1783 505 1854; x_wconf 88' lang='lat' dir='ltr'><strong>liber</strong></span> <span class='ocrx_word' id='word_1_91' title='bbox 529 1796 650 1854; x_wconf 79' lang='grc'>11110111</span> <span class='ocrx_word' id='word_1_92' title='bbox 675 1782 823 1854; x_wconf 86' lang='lat' dir='ltr'><strong>ultimus</strong></span> <span class='ocrx_word' id='word_1_93' title='bbox 849 1784 1103 1880; x_wconf 83' lang='lat' dir='ltr'><strong>complectitur</strong></span> <span class='ocrx_word' id='word_1_94' title='bbox 1127 1808 1184 1856; x_wconf 91' lang='lat' dir='ltr'><strong>res</strong></span> <span class='ocrx_word' id='word_1_95' title='bbox 1191 1838 1202 1878; x_wconf 83' lang='lat'>‚</span> <span class='ocrx_word' id='word_1_96' title='bbox 1226 1810 1247 1857; x_wconf 85' lang='lat' dir='ltr'><strong>a</strong></span> <span class='ocrx_word' id='word_1_97' title='bbox 1272 1787 1367 1857; x_wconf 91' lang='lat' dir='ltr'><strong>libro</strong></span> 
     </span>
     <span class='ocr_line' id='line_1_14' title="bbox 277 1903 1368 2006; baseline 0.001 -27"><span class='ocrx_word' id='word_1_98' title='bbox 277 1907 362 1979; x_wconf 92' lang='lat' dir='ltr'><strong>Vlll.</strong></span> <span class='ocrx_word' id='word_1_99' title='bbox 396 1931 514 2004; x_wconf 88' lang='lat' dir='ltr'><strong>usque</strong></span> <span class='ocrx_word' id='word_1_100' title='bbox 549 1905 596 1978; x_wconf 87' lang='lat' dir='ltr'><strong>ad</strong></span> <span class='ocrx_word' id='word_1_101' title='bbox 621 1907 756 1981; x_wconf 90' lang='lat' dir='ltr'><strong>librum</strong></span> <span class='ocrx_word' id='word_1_102' title='bbox 789 1905 875 1981; x_wconf 86' lang='lat' dir='ltr'><strong>XIV.</strong></span> <span class='ocrx_word' id='word_1_103' title='bbox 909 1933 946 2004; x_wconf 92' lang='lat' dir='ltr'><strong>p.</strong></span> <span class='ocrx_word' id='word_1_104' title='bbox 960 1903 1043 1980; x_wconf 83' lang='grc'>445.</span> <span class='ocrx_word' id='word_1_105' title='bbox 1057 1908 1095 1979; x_wconf 83' lang='grc' dir='ltr'><strong>Α.</strong></span> <span class='ocrx_word' id='word_1_106' title='bbox 1128 1910 1368 2006; x_wconf 55' lang='lat' dir='ltr'><strong>perscriptam</strong></span> 
     </span>
     <span class='ocr_line' id='line_1_15' title="bbox 277 2030 1367 2130; baseline 0.001 -28"><span class='ocrx_word' id='word_1_107' title='bbox 277 2031 330 2104; x_wconf 89' lang='lat' dir='ltr'><strong>sic</strong></span> <span class='ocrx_word' id='word_1_108' title='bbox 353 2043 395 2102; x_wconf 91' lang='lat' dir='ltr'><strong>ut</strong></span> <span class='ocrx_word' id='word_1_109' title='bbox 418 2032 442 2102; x_wconf 91' lang='lat' dir='ltr'><strong>l.</strong></span> <span class='ocrx_word' id='word_1_110' title='bbox 456 2030 513 2103; x_wconf 91' lang='lat' dir='ltr'><strong>lX.</strong></span> <span class='ocrx_word' id='word_1_111' title='bbox 528 2031 681 2129; x_wconf 85' lang='lat' dir='ltr'><strong>incipiat</strong></span> <span class='ocrx_word' id='word_1_112' title='bbox 700 2056 738 2128; x_wconf 92' lang='lat' dir='ltr'><strong>p.</strong></span> <span class='ocrx_word' id='word_1_113' title='bbox 755 2036 839 2126; x_wconf 85' lang='grc'>133,</span> <span class='ocrx_word' id='word_1_114' title='bbox 851 2032 926 2125; x_wconf 74' lang='lat' dir='ltr'><strong>m,</strong></span> <span class='ocrx_word' id='word_1_115' title='bbox 950 2033 973 2104; x_wconf 92' lang='lat' dir='ltr'><strong>l.</strong></span> <span class='ocrx_word' id='word_1_116' title='bbox 986 2031 1029 2104; x_wconf 89' lang='lat' dir='ltr'><strong>X.</strong></span> <span class='ocrx_word' id='word_1_117' title='bbox 1046 2059 1083 2130; x_wconf 92' lang='lat' dir='ltr'><strong>p.</strong></span> <span class='ocrx_word' id='word_1_118' title='bbox 1101 2039 1184 2128; x_wconf 85' lang='grc'>137,</span> <span class='ocrx_word' id='word_1_119' title='bbox 1196 2030 1249 2127; x_wconf 88' lang='grc'><strong>4.,</strong></span> <span class='ocrx_word' id='word_1_120' title='bbox 1276 2035 1299 2105; x_wconf 92' lang='grc'><strong>1.</strong></span> <span class='ocrx_word' id='word_1_121' title='bbox 1310 2034 1367 2104; x_wconf 90' lang='lat' dir='ltr'><strong>Xl.</strong></span> 
     </span>
     <span class='ocr_line' id='line_1_16' title="bbox 277 2153 1370 2256; baseline 0.004 -30"><span class='ocrx_word' id='word_1_122' title='bbox 277 2179 315 2251; x_wconf 91' lang='lat' dir='ltr'><strong>p.</strong></span> <span class='ocrx_word' id='word_1_123' title='bbox 338 2158 429 2249; x_wconf 80' lang='lat'><strong>150,</strong></span> <span class='ocrx_word' id='word_1_124' title='bbox 451 2160 533 2250; x_wconf 59' lang='grc'><strong>20,</strong></span> <span class='ocrx_word' id='word_1_125' title='bbox 563 2153 674 2227; x_wconf 90' lang='lat' dir='ltr'><strong>l.Xll.</strong></span> <span class='ocrx_word' id='word_1_126' title='bbox 707 2181 745 2252; x_wconf 88' lang='lat' dir='ltr'><strong>p.</strong></span> <span class='ocrx_word' id='word_1_127' title='bbox 781 2157 952 2250; x_wconf 90' lang='grc'>161,16.</span> <span class='ocrx_word' id='word_1_128' title='bbox 1014 2155 1206 2256; x_wconf 86' lang='lat' dir='ltr'><strong>Utriusque</strong></span> <span class='ocrx_word' id='word_1_129' title='bbox 1236 2159 1370 2254; x_wconf 87' lang='lat' dir='ltr'><strong>reliqui</strong></span> 
     </span>
     <span class='ocr_line' id='line_1_17' title="bbox 277 2279 1372 2378; baseline 0.005 -30"><span class='ocrx_word' id='word_1_130' title='bbox 277 2279 362 2350; x_wconf 89' lang='lat' dir='ltr'><strong>libri</strong></span> <span class='ocrx_word' id='word_1_131' title='bbox 383 2280 575 2374; x_wconf 80' lang='lat' dir='ltr'><strong>Excerpta,</strong></span> <span class='ocrx_word' id='word_1_132' title='bbox 602 2281 651 2352; x_wconf 95' lang='lat' dir='ltr'><strong>ob</strong></span> <span class='ocrx_word' id='word_1_133' title='bbox 678 2281 826 2375; x_wconf 81' lang='lat' dir='ltr'><strong>codicis,</strong></span> <span class='ocrx_word' id='word_1_134' title='bbox 846 2294 889 2354; x_wconf 92' lang='lat' dir='ltr'><strong>ut</strong></span> <span class='ocrx_word' id='word_1_135' title='bbox 912 2279 1073 2378; x_wconf 79' lang='lat' dir='ltr'><strong>videtur,</strong></span> <span class='ocrx_word' id='word_1_136' title='bbox 1099 2282 1185 2356; x_wconf 86' lang='lat' dir='ltr'><strong>lolia</strong></span> <span class='ocrx_word' id='word_1_137' title='bbox 1207 2285 1372 2377; x_wconf 84' lang='lat' dir='ltr'><strong>turbata,</strong></span> 
     </span>
     <span class='ocr_line' id='line_1_18' title="bbox 278 2400 1369 2504; baseline 0.002 -32"><span class='ocrx_word' id='word_1_138' title='bbox 278 2400 390 2472; x_wconf 91' lang='lat' dir='ltr'><strong>alium</strong></span> <span class='ocrx_word' id='word_1_139' title='bbox 425 2402 594 2476; x_wconf 87' lang='lat' dir='ltr'><strong>ordinem</strong></span> <span class='ocrx_word' id='word_1_140' title='bbox 633 2404 793 2498; x_wconf 81' lang='lat' dir='ltr'><strong>habeut,</strong></span> <span class='ocrx_word' id='word_1_141' title='bbox 827 2427 869 2476; x_wconf 92' lang='lat' dir='ltr'><strong>ac</strong></span> <span class='ocrx_word' id='word_1_142' title='bbox 901 2430 1023 2478; x_wconf 88' lang='lat' dir='ltr'><strong>rerum</strong></span> <span class='ocrx_word' id='word_1_143' title='bbox 1056 2409 1166 2478; x_wconf 89' lang='lat' dir='ltr'><strong>series</strong></span> <span class='ocrx_word' id='word_1_144' title='bbox 1199 2409 1369 2504; x_wconf 88' lang='lat' dir='ltr'><strong>postulat.</strong></span> 
     </span>
     <span class='ocr_line' id='line_1_19' title="bbox 278 2507 1373 2624; baseline 0.004 -28"><span class='ocrx_word' id='word_1_145' title='bbox 278 2507 388 2596; x_wconf 73' lang='lat' dir='ltr'><strong>&#39;Liber</strong></span> <span class='ocrx_word' id='word_1_146' title='bbox 418 2524 1027 2624; x_wconf 33' lang='lat' dir='ltr'><strong>enimX111.†iucipitp.163‚1lt.</strong></span> <span class='ocrx_word' id='word_1_147' title='bbox 1084 2529 1176 2599; x_wconf 81' lang='lat' dir='ltr'><strong>rum</strong></span> <span class='ocrx_word' id='word_1_148' title='bbox 1207 2530 1373 2624; x_wconf 71' lang='lat' dir='ltr'><strong>sequitur</strong></span> 
     </span>
     <span class='ocr_line' id='line_1_20' title="bbox 280 2644 1373 2746; baseline 0.004 -28"><span class='ocrx_word' id='word_1_149' title='bbox 280 2674 318 2745; x_wconf 82' lang='lat' dir='ltr'><strong>p.</strong></span> <span class='ocrx_word' id='word_1_150' title='bbox 335 2644 418 2742; x_wconf 92' lang='grc'>164,</span> <span class='ocrx_word' id='word_1_151' title='bbox 434 2646 490 2720; x_wconf 88' lang='grc'><strong>14.</strong></span> <span class='ocrx_word' id='word_1_152' title='bbox 504 2681 506 2684; x_wconf 95' lang='grc'><strong><em>·</em></strong></span> <span class='ocrx_word' id='word_1_153' title='bbox 518 2650 664 2724; x_wconf 87' lang='lat' dir='ltr'><strong>initium</strong></span> <span class='ocrx_word' id='word_1_154' title='bbox 681 2651 705 2720; x_wconf 92' lang='lat' dir='ltr'><strong>l.</strong></span> <span class='ocrx_word' id='word_1_155' title='bbox 725 2650 811 2722; x_wconf 88' lang='lat' dir='ltr'><strong>XIV.</strong></span> <span class='ocrx_word' id='word_1_156' title='bbox 838 2651 941 2722; x_wconf 92' lang='lat' dir='ltr'><strong>Hunc</strong></span> <span class='ocrx_word' id='word_1_157' title='bbox 957 2673 1078 2722; x_wconf 88' lang='lat' dir='ltr'><strong>rursus</strong></span> <span class='ocrx_word' id='word_1_158' title='bbox 1093 2650 1220 2722; x_wconf 89' lang='lat' dir='ltr'><strong>l.Xlll.</strong></span> <span class='ocrx_word' id='word_1_159' title='bbox 1240 2651 1373 2746; x_wconf 85' lang='lat' dir='ltr'><strong>excipit</strong></span> 
     </span>
     <span class='ocr_line' id='line_1_21' title="bbox 283 2767 1372 2872; baseline 0.002 -30"><span class='ocrx_word' id='word_1_160' title='bbox 283 2767 500 2869; x_wconf 66' lang='grc'>[117014.</span> <span class='ocrx_word' id='word_1_161' title='bbox 551 2774 691 2846; x_wconf 87' lang='lat' dir='ltr'><strong>Ultimis</strong></span> <span class='ocrx_word' id='word_1_162' title='bbox 715 2774 831 2847; x_wconf 90' lang='lat' dir='ltr'><strong>tribus</strong></span> <span class='ocrx_word' id='word_1_163' title='bbox 855 2775 995 2872; x_wconf 82' lang='lat' dir='ltr'><strong>paginis</strong></span> <span class='ocrx_word' id='word_1_164' title='bbox 1019 2776 1229 2872; x_wconf 86' lang='lat' dir='ltr'><strong>Fragmenta</strong></span> <span class='ocrx_word' id='word_1_165' title='bbox 1253 2775 1274 2844; x_wconf 92' lang='lat' dir='ltr'><strong>l.</strong></span> <span class='ocrx_word' id='word_1_166' title='bbox 1286 2773 1372 2846; x_wconf 85' lang='lat' dir='ltr'><strong>XIV.</strong></span> 
     </span>
     <span class='ocr_line' id='line_1_22' title="bbox 283 2895 1375 2998; baseline 0.003 -31"><span class='ocrx_word' id='word_1_167' title='bbox 283 2898 461 2995; x_wconf 85' lang='lat' dir='ltr'><strong>leguntur.</strong></span> <span class='ocrx_word' id='word_1_168' title='bbox 512 2895 631 2996; x_wconf 83' lang='lat' dir='ltr'><strong>Atque</strong></span> <span class='ocrx_word' id='word_1_169' title='bbox 655 2899 748 2970; x_wconf 88' lang='lat' dir='ltr'><strong>haec</strong></span> <span class='ocrx_word' id='word_1_170' title='bbox 771 2897 979 2998; x_wconf 84' lang='lat' dir='ltr'><strong>Augustaua</strong></span> <span class='ocrx_word' id='word_1_171' title='bbox 997 2899 1165 2994; x_wconf 89' lang='lat' dir='ltr'><strong>Epitome</strong></span> <span class='ocrx_word' id='word_1_172' title='bbox 1185 2921 1257 2992; x_wconf 80' lang='grc'>010,</span> <span class='ocrx_word' id='word_1_173' title='bbox 1283 2922 1375 2995; x_wconf 88' lang='lat' dir='ltr'><strong>quas</strong></span> 
     </span>
     <span class='ocr_line' id='line_1_23' title="bbox 287 3020 1374 3120; baseline 0.001 -28"><span class='ocrx_word' id='word_1_174' title='bbox 287 3020 491 3114; x_wconf 81' lang='lat' dir='ltr'><strong>Gronovius</strong></span> <span class='ocrx_word' id='word_1_175' title='bbox 505 3020 706 3118; x_wconf 83' lang='lat' dir='ltr'><strong>descripsit,</strong></span> <span class='ocrx_word' id='word_1_176' title='bbox 729 3023 840 3120; x_wconf 84' lang='lat' dir='ltr'><strong>longo</strong></span> <span class='ocrx_word' id='word_1_177' title='bbox 865 3022 1052 3094; x_wconf 86' lang='lat' dir='ltr'><strong>intervallo</strong></span> <span class='ocrx_word' id='word_1_178' title='bbox 1070 3035 1244 3092; x_wconf 85' lang='lat' dir='ltr'><strong>vetustate</strong></span> <span class='ocrx_word' id='word_1_179' title='bbox 1266 3047 1374 3120; x_wconf 84' lang='lat' dir='ltr'><strong>prae-</strong></span> 
     </span>
     <span class='ocr_line' id='line_1_24' title="bbox 287 3143 1375 3243; baseline 0.002 -27"><span class='ocrx_word' id='word_1_180' title='bbox 287 3159 373 3240; x_wconf 72' lang='grc'>0101,</span> <span class='ocrx_word' id='word_1_181' title='bbox 405 3144 590 3242; x_wconf 88' lang='lat' dir='ltr'><strong>siquidem</strong></span> <span class='ocrx_word' id='word_1_182' title='bbox 626 3147 791 3220; x_wconf 81' lang='lat' dir='ltr'><strong>confecta</strong></span> <span class='ocrx_word' id='word_1_183' title='bbox 823 3159 876 3218; x_wconf 87' lang='lat' dir='ltr'><strong>est</strong></span> <span class='ocrx_word' id='word_1_184' title='bbox 903 3147 990 3243; x_wconf 90' lang='lat' dir='ltr'><strong>ipsis</strong></span> <span class='ocrx_word' id='word_1_185' title='bbox 1015 3146 1140 3217; x_wconf 83' lang='lat' dir='ltr'><strong>Annae</strong></span> <span class='ocrx_word' id='word_1_186' title='bbox 1167 3143 1375 3218; x_wconf 84' lang='lat' dir='ltr'><strong>Gomnenae</strong></span> 
     </span>
    </p>
   </div>
   <div class='ocr_carea' id='block_1_3' title="bbox 286 3265 1502 3377">
    <p class='ocr_par' dir='ltr' id='par_1_3' title="bbox 286 3265 1502 3377">
     <span class='ocr_line' id='line_1_25' title="bbox 286 3265 1502 3377; baseline 0 -37"><span class='ocrx_word' id='word_1_187' title='bbox 286 3271 527 3367; x_wconf 88' lang='lat' dir='ltr'><strong>temporibus.</strong></span> <span class='ocrx_word' id='word_1_188' title='bbox 578 3265 686 3344; x_wconf 85' lang='lat' dir='ltr'><strong>Cuius</strong></span> <span class='ocrx_word' id='word_1_189' title='bbox 707 3271 760 3343; x_wconf 91' lang='lat' dir='ltr'><strong>rei</strong></span> <span class='ocrx_word' id='word_1_190' title='bbox 785 3283 998 3368; x_wconf 87' lang='lat' dir='ltr'><strong>argumento</strong></span> <span class='ocrx_word' id='word_1_191' title='bbox 1024 3282 1095 3363; x_wconf 82' lang='grc'>001,</span> <span class='ocrx_word' id='word_1_192' title='bbox 1120 3269 1224 3377; x_wconf 81' lang='lat' dir='ltr'><strong>qnod</strong></span> <span class='ocrx_word' id='word_1_193' title='bbox 1236 3271 1287 3341; x_wconf 93' lang='lat' dir='ltr'><strong>lo.</strong></span> <span class='ocrx_word' id='word_1_194' title='bbox 1302 3270 1375 3342; x_wconf 87' lang='lat' dir='ltr'><strong>Zo-</strong></span> <span class='ocrx_word' id='word_1_195' title='bbox 1498 3323 1502 3332; x_wconf 87' lang='lat'><strong>.</strong></span> 
     </span>
    </p>
   </div>
   <div class='ocr_carea' id='block_1_4' title="bbox 287 3392 1382 4245">
    <p class='ocr_par' dir='ltr' id='par_1_4' title="bbox 287 3392 1382 4245">
     <span class='ocr_line' id='line_1_26' title="bbox 287 3392 1376 3494; baseline 0 -30"><span class='ocrx_word' id='word_1_196' title='bbox 287 3419 407 3488; x_wconf 86' lang='lat' dir='ltr'><strong>naras,</strong></span> <span class='ocrx_word' id='word_1_197' title='bbox 431 3392 556 3468; x_wconf 81' lang='lat' dir='ltr'><strong>Annae</strong></span> <span class='ocrx_word' id='word_1_198' title='bbox 580 3397 763 3494; x_wconf 79' lang='lat' dir='ltr'><strong>aequalis,</strong></span> <span class='ocrx_word' id='word_1_199' title='bbox 788 3420 831 3467; x_wconf 87' lang='lat' dir='ltr'><strong>ea</strong></span> <span class='ocrx_word' id='word_1_200' title='bbox 855 3396 928 3467; x_wconf 89' lang='lat' dir='ltr'><strong>iam</strong></span> <span class='ocrx_word' id='word_1_201' title='bbox 948 3419 1034 3466; x_wconf 88' lang='lat' dir='ltr'><strong>usus</strong></span> <span class='ocrx_word' id='word_1_202' title='bbox 1059 3396 1248 3490; x_wconf 86' lang='lat' dir='ltr'><strong>reperitur.</strong></span> <span class='ocrx_word' id='word_1_203' title='bbox 1299 3393 1376 3486; x_wconf 87' lang='lat' dir='ltr'><strong>Sic,</strong></span> 
     </span>
     <span class='ocr_line' id='line_1_27' title="bbox 289 3517 1376 3617; baseline 0.001 -28"><span class='ocrx_word' id='word_1_204' title='bbox 289 3531 332 3589; x_wconf 91' lang='lat' dir='ltr'><strong>ut</strong></span> <span class='ocrx_word' id='word_1_205' title='bbox 354 3519 429 3592; x_wconf 93' lang='lat' dir='ltr'><strong>hoc</strong></span> <span class='ocrx_word' id='word_1_206' title='bbox 451 3533 554 3615; x_wconf 87' lang='lat' dir='ltr'><strong>utar,</strong></span> <span class='ocrx_word' id='word_1_207' title='bbox 578 3520 705 3593; x_wconf 92' lang='lat' dir='ltr'><strong>Annal.</strong></span> <span class='ocrx_word' id='word_1_208' title='bbox 730 3521 833 3592; x_wconf 87' lang='lat' dir='ltr'><strong>Tom.</strong></span> <span class='ocrx_word' id='word_1_209' title='bbox 852 3520 908 3592; x_wconf 91' lang='lat' dir='ltr'><strong>lll.</strong></span> <span class='ocrx_word' id='word_1_210' title='bbox 940 3546 977 3617; x_wconf 90' lang='lat' dir='ltr'><strong>p.</strong></span> <span class='ocrx_word' id='word_1_211' title='bbox 996 3521 1099 3613; x_wconf 76' lang='lat'><strong>236.,</strong></span> <span class='ocrx_word' id='word_1_212' title='bbox 1124 3519 1190 3591; x_wconf 92' lang='lat' dir='ltr'><strong>ubi</strong></span> <span class='ocrx_word' id='word_1_213' title='bbox 1213 3542 1305 3610; x_wconf 80' lang='lat' dir='ltr'><strong>rem,</strong></span> <span class='ocrx_word' id='word_1_214' title='bbox 1329 3517 1376 3590; x_wconf 87' lang='lat' dir='ltr'><strong>ab</strong></span> 
     </span>
     <span class='ocr_line' id='line_1_28' title="bbox 291 3641 1378 3743; baseline -0.001 -30"><span class='ocrx_word' id='word_1_215' title='bbox 291 3641 395 3715; x_wconf 84' lang='lat' dir='ltr'><strong>Anna</strong></span> <span class='ocrx_word' id='word_1_216' title='bbox 417 3643 456 3714; x_wconf 91' lang='lat' dir='ltr'><strong>L.</strong></span> <span class='ocrx_word' id='word_1_217' title='bbox 470 3646 510 3716; x_wconf 90' lang='lat' dir='ltr'><strong>V.</strong></span> <span class='ocrx_word' id='word_1_218' title='bbox 524 3648 559 3717; x_wconf 81' lang='lat'><strong>5.</strong></span> <span class='ocrx_word' id='word_1_219' title='bbox 581 3641 717 3743; x_wconf 68' lang='grc'>11248.</span> <span class='ocrx_word' id='word_1_220' title='bbox 742 3645 935 3741; x_wconf 74' lang='lat' dir='ltr'><strong>traditam,</strong></span> <span class='ocrx_word' id='word_1_221' title='bbox 959 3644 1086 3739; x_wconf 77' lang='lat' dir='ltr'><strong>refert,</strong></span> <span class='ocrx_word' id='word_1_222' title='bbox 1117 3643 1225 3716; x_wconf 89' lang='lat' dir='ltr'><strong>huius</strong></span> <span class='ocrx_word' id='word_1_223' title='bbox 1252 3665 1378 3713; x_wconf 85' lang='lat' dir='ltr'><strong>narra-</strong></span> 
     </span>
     <span class='ocr_line' id='line_1_29' title="bbox 290 3764 1379 3868; baseline -0.002 -30"><span class='ocrx_word' id='word_1_224' title='bbox 290 3767 431 3838; x_wconf 87' lang='lat' dir='ltr'><strong>tionem</strong></span> <span class='ocrx_word' id='word_1_225' title='bbox 455 3794 535 3840; x_wconf 91' lang='lat' dir='ltr'><strong>non</strong></span> <span class='ocrx_word' id='word_1_226' title='bbox 556 3771 635 3868; x_wconf 91' lang='lat' dir='ltr'><strong>ipse</strong></span> <span class='ocrx_word' id='word_1_227' title='bbox 656 3769 854 3868; x_wconf 87' lang='lat' dir='ltr'><strong>compendi</strong></span> <span class='ocrx_word' id='word_1_228' title='bbox 877 3769 980 3865; x_wconf 80' lang='lat' dir='ltr'><strong>lecit,</strong></span> <span class='ocrx_word' id='word_1_229' title='bbox 1006 3768 1072 3842; x_wconf 89' lang='lat' dir='ltr'><strong>sed</strong></span> <span class='ocrx_word' id='word_1_230' title='bbox 1096 3767 1212 3866; x_wconf 87' lang='lat' dir='ltr'><strong>qualis</strong></span> <span class='ocrx_word' id='word_1_231' title='bbox 1236 3766 1275 3838; x_wconf 93' lang='lat' dir='ltr'><strong>in</strong></span> <span class='ocrx_word' id='word_1_232' title='bbox 1292 3764 1379 3862; x_wconf 89' lang='lat' dir='ltr'><strong>Epi-</strong></span> 
     </span>
     <span class='ocr_line' id='line_1_30' title="bbox 291 3888 1378 3993; baseline -0.002 -31"><span class='ocrx_word' id='word_1_233' title='bbox 291 3903 393 3964; x_wconf 89' lang='lat' dir='ltr'><strong>t&#39;ome</strong></span> <span class='ocrx_word' id='word_1_234' title='bbox 426 3894 575 3991; x_wconf 82' lang='lat' dir='ltr'><strong>legitur,</strong></span> <span class='ocrx_word' id='word_1_235' title='bbox 612 3895 834 3969; x_wconf 86' lang='lat' dir='ltr'><strong>adverbum</strong></span> <span class='ocrx_word' id='word_1_236' title='bbox 869 3896 1064 3993; x_wconf 87' lang='lat' dir='ltr'><strong>exscripsit.</strong></span> <span class='ocrx_word' id='word_1_237' title='bbox 1124 3894 1198 3965; x_wconf 87' lang='lat' dir='ltr'><strong>Nec</strong></span> <span class='ocrx_word' id='word_1_238' title='bbox 1231 3888 1378 3980; x_wconf 87' lang='lat' dir='ltr'><strong>dubito,</strong></span> 
     </span>
     <span class='ocr_line' id='line_1_31' title="bbox 295 4010 1382 4119; baseline -0.005 -32"><span class='ocrx_word' id='word_1_239' title='bbox 295 4017 387 4112; x_wconf 68' lang='lat' dir='ltr'><strong>(suin</strong></span> <span class='ocrx_word' id='word_1_240' title='bbox 413 4018 501 4090; x_wconf 89' lang='lat' dir='ltr'><strong>olim</strong></span> <span class='ocrx_word' id='word_1_241' title='bbox 525 4018 599 4092; x_wconf 92' lang='lat' dir='ltr'><strong>hoc</strong></span> <span class='ocrx_word' id='word_1_242' title='bbox 616 4023 829 4118; x_wconf 86' lang='lat' dir='ltr'><strong>opuseulum</strong></span> <span class='ocrx_word' id='word_1_243' title='bbox 854 4021 967 4119; x_wconf 84' lang='lat' dir='ltr'><strong>magis</strong></span> <span class='ocrx_word' id='word_1_244' title='bbox 982 4045 1019 4092; x_wconf 88' lang='lat' dir='ltr'><strong>se</strong></span> <span class='ocrx_word' id='word_1_245' title='bbox 1032 4015 1228 4115; x_wconf 83' lang='lat' dir='ltr'><strong>legentium</strong></span> <span class='ocrx_word' id='word_1_246' title='bbox 1253 4010 1382 4084; x_wconf 88' lang='lat' dir='ltr'><strong>studiis</strong></span> 
     </span>
     <span class='ocr_line' id='line_1_32' title="bbox 296 4134 1380 4245; baseline -0.006 -29"><span class='ocrx_word' id='word_1_247' title='bbox 296 4143 624 4242; x_wconf 79' lang='lat' dir='ltr'><strong>commendaverit,</strong></span> <span class='ocrx_word' id='word_1_248' title='bbox 649 4171 760 4244; x_wconf 90' lang='lat' dir='ltr'><strong>quam</strong></span> <span class='ocrx_word' id='word_1_249' title='bbox 786 4147 898 4245; x_wconf 88' lang='lat' dir='ltr'><strong>ipsius</strong></span> <span class='ocrx_word' id='word_1_250' title='bbox 915 4146 1039 4218; x_wconf 87' lang='lat' dir='ltr'><strong>Annae</strong></span> <span class='ocrx_word' id='word_1_251' title='bbox 1064 4141 1249 4232; x_wconf 80' lang='lat' dir='ltr'><strong>volumen,</strong></span> <span class='ocrx_word' id='word_1_252' title='bbox 1276 4134 1380 4234; x_wconf 89' lang='lat' dir='ltr'><strong>quod</strong></span> 
     </span>
    </p>
   </div>
   <div class='ocr_carea' id='block_1_5' title="bbox 0 0 1568 4902">
    <p class='ocr_par' dir='ltr' id='par_1_5' title="bbox 0 0 1568 4902">
     <span class='ocr_line' id='line_1_33' title="bbox 0 0 1568 4902; baseline 0 0"><span class='ocrx_word' id='word_1_253' title='bbox 0 0 1568 4902; x_wconf 95' lang='lat' dir='ltr'><strong> </strong></span> 
     </span>
    </p>
   </div>
  </div>
 </body>
</html>
