<?xml version="1.0" encoding="UTF-8"?>
<!DOCTYPE html PUBLIC "-//W3C//DTD XHTML 1.0 Transitional//EN"
    "http://www.w3.org/TR/xhtml1/DTD/xhtml1-transitional.dtd">
<html xmlns="http://www.w3.org/1999/xhtml" xml:lang="en" lang="en">
 <head>
  <title>
</title>
<meta http-equiv="Content-Type" content="text/html;charset=utf-8" />
  <meta name='ocr-system' content='tesseract 3.04.00' />
  <meta name='ocr-capabilities' content='ocr_page ocr_carea ocr_par ocr_line ocrx_word'/>
</head>
<body>
  <div class='ocr_page' id='page_1' title='image "annaecomnenaeal01schogoog_0045.png"; bbox 0 0 3102 4902; ppageno 0'>
   <div class='ocr_carea' id='block_1_1' title="bbox 260 293 1037 384">
    <p class='ocr_par' dir='ltr' id='par_1_1' title="bbox 260 283 1037 384">
     <span class='ocr_line' id='line_1_1' title="bbox 260 293 1037 384; baseline -0.01 0"><span class='ocrx_word' id='word_1_1' title='bbox 260 298 313 384; x_wconf 67' lang='lat' dir='ltr'><em>&#39;xi</em></span> <span class='ocrx_word' id='word_1_2' title='bbox 664 318 781 380; x_wconf 71' lang='lat' dir='ltr'><em>uerus</em></span> <span class='ocrx_word' id='word_1_3' title='bbox 809 315 965 378; x_wconf 73' lang='lat' dir='ltr'><em>rossus-</em></span> <span class='ocrx_word' id='word_1_4' title='bbox 1033 293 1037 298; x_wconf 70' lang='grc'><strong>”</strong></span> 
     </span>
    </p>
   </div>
   <div class='ocr_carea' id='block_1_2' title="bbox 218 455 1371 2404">
    <p class='ocr_par' dir='ltr' id='par_1_2' title="bbox 218 455 1371 2404">
     <span class='ocr_line' id='line_1_2' title="bbox 260 455 1354 570; baseline -0.003 -21"><span class='ocrx_word' id='word_1_5' title='bbox 260 489 401 550; x_wconf 74' lang='lat' dir='ltr'><em>sententia</em></span> <span class='ocrx_word' id='word_1_6' title='bbox 414 455 577 549; x_wconf 68' lang='lat' dir='ltr'><em>necessario</em></span> <span class='ocrx_word' id='word_1_7' title='bbox 590 486 711 570; x_wconf 90' lang='lat' dir='ltr'><em>reliqua</em></span> <span class='ocrx_word' id='word_1_8' title='bbox 716 486 818 564; x_wconf 88' lang='lat' dir='ltr'><em>sacta</em></span> <span class='ocrx_word' id='word_1_9' title='bbox 830 499 881 557; x_wconf 89' lang='lat' dir='ltr'><em>est,</em></span> <span class='ocrx_word' id='word_1_10' title='bbox 896 505 958 568; x_wconf 84' lang='lat' dir='ltr'><em>qua</em></span> <span class='ocrx_word' id='word_1_11' title='bbox 968 485 1172 547; x_wconf 84' lang='lat' dir='ltr'><em>decernerem.-</em></span> <span class='ocrx_word' id='word_1_12' title='bbox 1187 499 1354 546; x_wconf 78' lang='lat' dir='ltr'><em>contextam</em></span> 
     </span>
     <span class='ocr_line' id='line_1_3' title="bbox 261 594 1355 680; baseline -0.003 -24"><span class='ocrx_word' id='word_1_13' title='bbox 261 597 382 676; x_wconf 75' lang='lat' dir='ltr'><em>quedem</em></span> <span class='ocrx_word' id='word_1_14' title='bbox 415 597 567 656; x_wconf 88' lang='lat' dir='ltr'><em>Graccum</em></span> <span class='ocrx_word' id='word_1_15' title='bbox 592 594 685 680; x_wconf 83' lang='lat' dir='ltr'><em>plane</em></span> <span class='ocrx_word' id='word_1_16' title='bbox 717 597 857 656; x_wconf 87' lang='lat' dir='ltr'><em>intactum</em></span> <span class='ocrx_word' id='word_1_17' title='bbox 886 594 1078 677; x_wconf 78' lang='lat' dir='ltr'><em>relinquere:</em></span> <span class='ocrx_word' id='word_1_18' title='bbox 1118 613 1157 652; x_wconf 90' lang='lat' dir='ltr'><em>ne</em></span> <span class='ocrx_word' id='word_1_19' title='bbox 1188 596 1355 672; x_wconf 80' lang='lat' dir='ltr'><em>manifestis</em></span> 
     </span>
     <span class='ocr_line' id='line_1_4' title="bbox 260 699 1354 785; baseline 0 -23"><span class='ocrx_word' id='word_1_20' title='bbox 260 703 381 785; x_wconf 87' lang='lat' dir='ltr'><em>quidem</em></span> <span class='ocrx_word' id='word_1_21' title='bbox 407 701 595 764; x_wconf 80' lang='lat' dir='ltr'><em>solicitatedis</em></span> <span class='ocrx_word' id='word_1_22' title='bbox 617 703 752 778; x_wconf 77' lang='lat' dir='ltr'><em>mendis,</em></span> <span class='ocrx_word' id='word_1_23' title='bbox 782 701 929 784; x_wconf 86' lang='lat' dir='ltr'><em>quamdiu</em></span> <span class='ocrx_word' id='word_1_24' title='bbox 950 721 1041 762; x_wconf 73' lang='lat' dir='ltr'><em>verere</em></span> <span class='ocrx_word' id='word_1_25' title='bbox 1067 699 1354 780; x_wconf 81' lang='lat' dir='ltr'><em>lectionisfundum</em></span> 
     </span>
     <span class='ocr_line' id='line_1_5' title="bbox 258 808 1354 890; baseline -0.002 -18"><span class='ocrx_word' id='word_1_26' title='bbox 258 831 318 872; x_wconf 93' lang='lat' dir='ltr'><em>non</em></span> <span class='ocrx_word' id='word_1_27' title='bbox 338 810 473 872; x_wconf 87' lang='lat' dir='ltr'><em>baberem</em></span> <span class='ocrx_word' id='word_1_28' title='bbox 495 811 625 872; x_wconf 86' lang='lat' dir='ltr'><em>maioris</em></span> <span class='ocrx_word' id='word_1_29' title='bbox 647 812 837 890; x_wconf 77' lang='lat' dir='ltr'><em>antiquitatis</em></span> <span class='ocrx_word' id='word_1_30' title='bbox 857 823 886 870; x_wconf 87' lang='lat' dir='ltr'><em>et</em></span> <span class='ocrx_word' id='word_1_31' title='bbox 906 809 1079 870; x_wconf 79' lang='lat' dir='ltr'><em>autoritatis</em></span> <span class='ocrx_word' id='word_1_32' title='bbox 1094 808 1237 870; x_wconf 84' lang='lat' dir='ltr'><em>codicem.</em></span> <span class='ocrx_word' id='word_1_33' title='bbox 1261 821 1354 878; x_wconf 85' lang='lat' dir='ltr'><em>totam</em></span> 
     </span>
     <span class='ocr_line' id='line_1_6' title="bbox 261 917 1353 1000; baseline -0.002 -22"><span class='ocrx_word' id='word_1_34' title='bbox 261 939 336 978; x_wconf 81' lang='lat' dir='ltr'><em>vero</em></span> <span class='ocrx_word' id='word_1_35' title='bbox 358 919 539 980; x_wconf 76' lang='lat' dir='ltr'><em>industriam</em></span> <span class='ocrx_word' id='word_1_36' title='bbox 563 917 596 979; x_wconf 85' lang='lat' dir='ltr'><em>in</em></span> <span class='ocrx_word' id='word_1_37' title='bbox 627 919 830 980; x_wconf 73' lang='lat' dir='ltr'><em>elaboratione</em></span> <span class='ocrx_word' id='word_1_38' title='bbox 850 918 980 978; x_wconf 85' lang='lat' dir='ltr'><em>Latinae</em></span> <span class='ocrx_word' id='word_1_39' title='bbox 998 917 1353 1000; x_wconf 81' lang='lat' dir='ltr'><em>versioniseecpromere,</em></span> 
     </span>
     <span class='ocr_line' id='line_1_7' title="bbox 258 1023 1355 1112; baseline -0.003 -26"><span class='ocrx_word' id='word_1_40' title='bbox 258 1047 328 1112; x_wconf 89' lang='lat' dir='ltr'><em>qna,</em></span> <span class='ocrx_word' id='word_1_41' title='bbox 349 1027 475 1105; x_wconf 90' lang='lat' dir='ltr'><em>iudicio,</em></span> <span class='ocrx_word' id='word_1_42' title='bbox 497 1027 624 1110; x_wconf 88' lang='lat' dir='ltr'><em>siquod</em></span> <span class='ocrx_word' id='word_1_43' title='bbox 643 1040 727 1102; x_wconf 88' lang='lat' dir='ltr'><em>esset,</em></span> <span class='ocrx_word' id='word_1_44' title='bbox 750 1046 790 1088; x_wconf 87' lang='lat' dir='ltr'><em>aa</em></span> <span class='ocrx_word' id='word_1_45' title='bbox 816 1026 978 1108; x_wconf 78' lang='lat' dir='ltr'><em>diligentia</em></span> <span class='ocrx_word' id='word_1_46' title='bbox 995 1026 1032 1085; x_wconf 89' lang='lat' dir='ltr'><em>in</em></span> <span class='ocrx_word' id='word_1_47' title='bbox 1052 1025 1253 1086; x_wconf 85' lang='lat' dir='ltr'><em>subsidiorum</em></span> <span class='ocrx_word' id='word_1_48' title='bbox 1274 1023 1355 1109; x_wconf 79' lang='lat' dir='ltr'><em>defi.</em></span> 
     </span>
     <span class='ocr_line' id='line_1_8' title="bbox 218 1133 1355 1218; baseline -0.001 -24"><span class='ocrx_word' id='word_1_49' title='bbox 218 1197 220 1202; x_wconf 63' lang='grc'><strong>,</strong></span> <span class='ocrx_word' id='word_1_50' title='bbox 257 1136 395 1196; x_wconf 89' lang='lat' dir='ltr'><em>cientium</em></span> <span class='ocrx_word' id='word_1_51' title='bbox 421 1135 518 1195; x_wconf 85' lang='lat' dir='ltr'><em>locum</em></span> <span class='ocrx_word' id='word_1_52' title='bbox 539 1135 750 1216; x_wconf 69' lang='lat' dir='ltr'><em>subrogandis,</em></span> <span class='ocrx_word' id='word_1_53' title='bbox 770 1134 931 1218; x_wconf 80' lang='lat' dir='ltr'><em>explendis</em></span> <span class='ocrx_word' id='word_1_54' title='bbox 952 1134 1088 1210; x_wconf 79' lang='lat' dir='ltr'><em>hiatibus,</em></span> <span class='ocrx_word' id='word_1_55' title='bbox 1105 1133 1292 1214; x_wconf 77' lang='lat' dir='ltr'><em>corrigendis</em></span> <span class='ocrx_word' id='word_1_56' title='bbox 1311 1155 1355 1194; x_wconf 74' lang='lat' dir='ltr'><em>eu·</em></span> 
     </span>
     <span class='ocr_line' id='line_1_9' title="bbox 257 1242 1354 1326; baseline -0.002 -22"><span class='ocrx_word' id='word_1_57' title='bbox 257 1245 434 1306; x_wconf 89' lang='lat' dir='ltr'><em>coniectura</em></span> <span class='ocrx_word' id='word_1_58' title='bbox 454 1243 573 1304; x_wconf 82' lang='lat' dir='ltr'><em>vitiosis</em></span> <span class='ocrx_word' id='word_1_59' title='bbox 592 1243 676 1321; x_wconf 88' lang='lat' dir='ltr'><em>locis,</em></span> <span class='ocrx_word' id='word_1_60' title='bbox 701 1242 797 1303; x_wconf 80' lang='lat' dir='ltr'><em>needis</em></span> <span class='ocrx_word' id='word_1_61' title='bbox 818 1243 945 1326; x_wconf 88' lang='lat' dir='ltr'><em>deniqne</em></span> <span class='ocrx_word' id='word_1_62' title='bbox 964 1242 1100 1302; x_wconf 78' lang='lat' dir='ltr'><em>omnibus</em></span> <span class='ocrx_word' id='word_1_63' title='bbox 1121 1243 1241 1324; x_wconf 86' lang='lat' dir='ltr'><em>assequi</em></span> <span class='ocrx_word' id='word_1_64' title='bbox 1259 1260 1354 1302; x_wconf 84' lang='lat' dir='ltr'><em>cona-</em></span> 
     </span>
     <span class='ocr_line' id='line_1_10' title="bbox 259 1348 1354 1436; baseline -0.006 -26"><span class='ocrx_word' id='word_1_65' title='bbox 259 1373 318 1428; x_wconf 87' lang='lat' dir='ltr'><em>rer,</em></span> <span class='ocrx_word' id='word_1_66' title='bbox 341 1366 374 1412; x_wconf 88' lang='lat' dir='ltr'><em>ut</em></span> <span class='ocrx_word' id='word_1_67' title='bbox 393 1355 476 1413; x_wconf 86' lang='lat' dir='ltr'><em>nitar</em></span> <span class='ocrx_word' id='word_1_68' title='bbox 493 1351 693 1434; x_wconf 78' lang='lat' dir='ltr'><em>primigenius</em></span> <span class='ocrx_word' id='word_1_69' title='bbox 717 1351 818 1435; x_wconf 82' lang='lat' dir='ltr'><em>Operi</em></span> <span class='ocrx_word' id='word_1_70' title='bbox 829 1349 1046 1436; x_wconf 84' lang='lat' dir='ltr'><em>pulcberrimo,</em></span> <span class='ocrx_word' id='word_1_71' title='bbox 1066 1349 1171 1434; x_wconf 87' lang='lat' dir='ltr'><em>quoad</em></span> <span class='ocrx_word' id='word_1_72' title='bbox 1183 1370 1243 1433; x_wconf 88' lang='lat' dir='ltr'><em>per</em></span> <span class='ocrx_word' id='word_1_73' title='bbox 1262 1348 1354 1431; x_wconf 89' lang='lat' dir='ltr'><em>quin.</em></span> 
     </span>
     <span class='ocr_line' id='line_1_11' title="bbox 259 1449 1354 1546; baseline -0.004 -26"><span class='ocrx_word' id='word_1_74' title='bbox 259 1481 316 1543; x_wconf 88' lang='lat' dir='ltr'><em>que</em></span> <span class='ocrx_word' id='word_1_75' title='bbox 337 1449 520 1520; x_wconf 81' lang='lat' dir='ltr'><em>saeculorum</em></span> <span class='ocrx_word' id='word_1_76' title='bbox 542 1461 722 1546; x_wconf 85' lang='lat' dir='ltr'><em>squalorem,</em></span> <span class='ocrx_word' id='word_1_77' title='bbox 744 1469 774 1518; x_wconf 84' lang='lat' dir='ltr'><em>et</em></span> <span class='ocrx_word' id='word_1_78' title='bbox 792 1458 961 1520; x_wconf 82' lang='lat' dir='ltr'><em>exitiabiles</em></span> <span class='ocrx_word' id='word_1_79' title='bbox 976 1459 1236 1538; x_wconf 78' lang='lat' dir='ltr'><em>infestissimorum</em></span> <span class='ocrx_word' id='word_1_80' title='bbox 1256 1458 1354 1516; x_wconf 87' lang='lat' dir='ltr'><em>omnis</em></span> 
     </span>
     <span class='ocr_line' id='line_1_12' title="bbox 258 1563 1351 1647; baseline -0.004 -21"><span class='ocrx_word' id='word_1_81' title='bbox 258 1569 376 1647; x_wconf 79' lang='lat' dir='ltr'><em>generis</em></span> <span class='ocrx_word' id='word_1_82' title='bbox 405 1587 528 1628; x_wconf 89' lang='lat' dir='ltr'><em>casuum</em></span> <span class='ocrx_word' id='word_1_83' title='bbox 557 1568 687 1627; x_wconf 88' lang='lat' dir='ltr'><em>iniurias</em></span> <span class='ocrx_word' id='word_1_84' title='bbox 714 1567 825 1642; x_wconf 89' lang='lat' dir='ltr'><em>liceret,</em></span> <span class='ocrx_word' id='word_1_85' title='bbox 850 1565 997 1628; x_wconf 78' lang='lat' dir='ltr'><em>hodierna</em></span> <span class='ocrx_word' id='word_1_86' title='bbox 1019 1565 1148 1626; x_wconf 88' lang='lat' dir='ltr'><em>editione</em></span> <span class='ocrx_word' id='word_1_87' title='bbox 1161 1563 1351 1631; x_wconf 86' lang='lat' dir='ltr'><em>redderetur.</em></span> 
     </span>
     <span class='ocr_line' id='line_1_13' title="bbox 257 1670 1353 1757; baseline -0.005 -23"><span class='ocrx_word' id='word_1_88' title='bbox 257 1674 311 1734; x_wconf 87' lang='lat' dir='ltr'><em>En</em></span> <span class='ocrx_word' id='word_1_89' title='bbox 330 1674 409 1757; x_wconf 88' lang='lat' dir='ltr'><em>quid</em></span> <span class='ocrx_word' id='word_1_90' title='bbox 427 1674 586 1750; x_wconf 77' lang='lat' dir='ltr'><em>voluerim,</em></span> <span class='ocrx_word' id='word_1_91' title='bbox 605 1695 663 1757; x_wconf 92' lang='lat' dir='ltr'><em>quo</em></span> <span class='ocrx_word' id='word_1_92' title='bbox 674 1673 809 1734; x_wconf 87' lang='lat' dir='ltr'><em>studium</em></span> <span class='ocrx_word' id='word_1_93' title='bbox 832 1688 862 1734; x_wconf 88' lang='lat' dir='ltr'><em>et</em></span> <span class='ocrx_word' id='word_1_94' title='bbox 881 1687 1019 1736; x_wconf 89' lang='lat' dir='ltr'><em>conatum</em></span> <span class='ocrx_word' id='word_1_95' title='bbox 1040 1672 1229 1733; x_wconf 87' lang='lat' dir='ltr'><em>intenderim.</em></span> <span class='ocrx_word' id='word_1_96' title='bbox 1271 1670 1353 1730; x_wconf 90' lang='lat' dir='ltr'><em>Nam</em></span> 
     </span>
     <span class='ocr_line' id='line_1_14' title="bbox 259 1777 1351 1864; baseline -0.002 -24"><span class='ocrx_word' id='word_1_97' title='bbox 259 1782 364 1863; x_wconf 79' lang='lat' dir='ltr'><em>reipsa</em></span> <span class='ocrx_word' id='word_1_98' title='bbox 385 1781 460 1864; x_wconf 87' lang='lat' dir='ltr'><em>quid</em></span> <span class='ocrx_word' id='word_1_99' title='bbox 476 1783 676 1864; x_wconf 83' lang='lat' dir='ltr'><em>perfecerim,</em></span> <span class='ocrx_word' id='word_1_100' title='bbox 698 1801 758 1842; x_wconf 88' lang='lat' dir='ltr'><em>non</em></span> <span class='ocrx_word' id='word_1_101' title='bbox 789 1801 876 1842; x_wconf 89' lang='lat' dir='ltr'><em>meae</em></span> <span class='ocrx_word' id='word_1_102' title='bbox 893 1781 1108 1863; x_wconf 84' lang='lat' dir='ltr'><em>professionis,</em></span> <span class='ocrx_word' id='word_1_103' title='bbox 1130 1777 1351 1860; x_wconf 55' lang='lat' dir='ltr'><em>acaunus,</em></span> 
     </span>
     <span class='ocr_line' id='line_1_15' title="bbox 258 1886 1353 1974; baseline -0.002 -26"><span class='ocrx_word' id='word_1_104' title='bbox 258 1890 414 1949; x_wconf 84' lang='lat' dir='ltr'><em>senteruiae</em></span> <span class='ocrx_word' id='word_1_105' title='bbox 434 1889 568 1974; x_wconf 82' lang='lat' dir='ltr'><em>definitio</em></span> <span class='ocrx_word' id='word_1_106' title='bbox 588 1902 640 1949; x_wconf 84' lang='lat' dir='ltr'><em>est.</em></span> <span class='ocrx_word' id='word_1_107' title='bbox 695 1888 786 1950; x_wconf 83' lang='lat' dir='ltr'><em>Cuius</em></span> <span class='ocrx_word' id='word_1_108' title='bbox 806 1901 839 1948; x_wconf 88' lang='lat' dir='ltr'><em>ut</em></span> <span class='ocrx_word' id='word_1_109' title='bbox 865 1909 925 1949; x_wconf 93' lang='lat' dir='ltr'><em>non</em></span> <span class='ocrx_word' id='word_1_110' title='bbox 950 1886 1103 1948; x_wconf 85' lang='lat' dir='ltr'><em>eblandiri</em></span> <span class='ocrx_word' id='word_1_111' title='bbox 1131 1890 1235 1968; x_wconf 80' lang='lat' dir='ltr'><em>gratia</em></span> <span class='ocrx_word' id='word_1_112' title='bbox 1249 1889 1353 1967; x_wconf 79' lang='lat' dir='ltr'><em>fetuo-</em></span> 
     </span>
     <span class='ocr_line' id='line_1_16' title="bbox 259 1995 1352 2078; baseline -0.002 -22"><span class='ocrx_word' id='word_1_113' title='bbox 259 2017 343 2071; x_wconf 82' lang='lat' dir='ltr'><em>rem,·</em></span> <span class='ocrx_word' id='word_1_114' title='bbox 363 1998 410 2059; x_wconf 89' lang='lat' dir='ltr'><em>ita</em></span> <span class='ocrx_word' id='word_1_115' title='bbox 432 2019 485 2057; x_wconf 93' lang='lat' dir='ltr'><em>nec</em></span> <span class='ocrx_word' id='word_1_116' title='bbox 505 1995 665 2078; x_wconf 80' lang='lat' dir='ltr'><em>deprecari</em></span> <span class='ocrx_word' id='word_1_117' title='bbox 684 1997 808 2058; x_wconf 86' lang='lat' dir='ltr'><em>abiecta</em></span> <span class='ocrx_word' id='word_1_118' title='bbox 828 1997 1010 2058; x_wconf 83' lang='lat' dir='ltr'><em>demissione</em></span> <span class='ocrx_word' id='word_1_119' title='bbox 1029 1997 1239 2057; x_wconf 82' lang='lat' dir='ltr'><em>seueritatem:</em></span> <span class='ocrx_word' id='word_1_120' title='bbox 1260 1995 1352 2056; x_wconf 90' lang='lat' dir='ltr'><em>multo</em></span> 
     </span>
     <span class='ocr_line' id='line_1_17' title="bbox 222 2102 1371 2188; baseline -0.002 -23"><span class='ocrx_word' id='word_1_121' title='bbox 222 2129 224 2139; x_wconf 50' lang='lat'>⁸</span> <span class='ocrx_word' id='word_1_122' title='bbox 259 2117 357 2166; x_wconf 87' lang='lat' dir='ltr'><em>autem</em></span> <span class='ocrx_word' id='word_1_123' title='bbox 383 2107 479 2166; x_wconf 88' lang='lat' dir='ltr'><em>minus</em></span> <span class='ocrx_word' id='word_1_124' title='bbox 505 2107 675 2167; x_wconf 86' lang='lat' dir='ltr'><em>contumaci</em></span> <span class='ocrx_word' id='word_1_125' title='bbox 694 2106 876 2187; x_wconf 81' lang='lat' dir='ltr'><em>pervicacia</em></span> <span class='ocrx_word' id='word_1_126' title='bbox 906 2102 1058 2188; x_wconf 81' lang='lat' dir='ltr'><em>refragari</em></span> <span class='ocrx_word' id='word_1_127' title='bbox 1083 2125 1224 2165; x_wconf 83' lang='lat' dir='ltr'><em>censurae</em></span> <span class='ocrx_word' id='word_1_128' title='bbox 1245 2104 1371 2164; x_wconf 65' lang='lat' dir='ltr'><em>uelim.¹</em></span> 
     </span>
     <span class='ocr_line' id='line_1_18' title="bbox 263 2211 1357 2298; baseline -0.002 -26"><span class='ocrx_word' id='word_1_129' title='bbox 263 2226 346 2272; x_wconf 87' lang='lat' dir='ltr'><em>utere</em></span> <span class='ocrx_word' id='word_1_130' title='bbox 369 2213 490 2273; x_wconf 90' lang='lat' dir='ltr'><em>utlibet</em></span> <span class='ocrx_word' id='word_1_131' title='bbox 510 2216 574 2274; x_wconf 82' lang='lat' dir='ltr'><em>iure</em></span> <span class='ocrx_word' id='word_1_132' title='bbox 595 2227 687 2298; x_wconf 88' lang='lat' dir='ltr'><em>atque</em></span> <span class='ocrx_word' id='word_1_133' title='bbox 706 2214 835 2275; x_wconf 89' lang='lat' dir='ltr'><em>arbitrio</em></span> <span class='ocrx_word' id='word_1_134' title='bbox 855 2211 938 2298; x_wconf 88' lang='lat' dir='ltr'><em>quod</em></span> <span class='ocrx_word' id='word_1_135' title='bbox 950 2213 1005 2276; x_wconf 91' lang='lat' dir='ltr'><em>tibi</em></span> <span class='ocrx_word' id='word_1_136' title='bbox 1021 2233 1087 2294; x_wconf 81' lang='lat' dir='ltr'><em>ego,</em></span> <span class='ocrx_word' id='word_1_137' title='bbox 1108 2213 1161 2274; x_wconf 83' lang='lat' dir='ltr'><em>uel</em></span> <span class='ocrx_word' id='word_1_138' title='bbox 1178 2215 1206 2272; x_wconf 88' lang='lat' dir='ltr'><em>si</em></span> <span class='ocrx_word' id='word_1_139' title='bbox 1223 2233 1283 2272; x_wconf 76' lang='lat' dir='ltr'><em>reon</em></span> <span class='ocrx_word' id='word_1_140' title='bbox 1298 2232 1357 2294; x_wconf 87' lang='lat' dir='ltr'><em>per</em></span> 
     </span>
     <span class='ocr_line' id='line_1_19' title="bbox 260 2319 1358 2404; baseline 0 -24"><span class='ocrx_word' id='word_1_141' title='bbox 260 2342 291 2380; x_wconf 86' lang='lat' dir='ltr'><em>se</em></span> <span class='ocrx_word' id='word_1_142' title='bbox 310 2333 491 2403; x_wconf 83' lang='lat' dir='ltr'><em>suppeteret,</em></span> <span class='ocrx_word' id='word_1_143' title='bbox 515 2322 592 2381; x_wconf 81' lang='lat' dir='ltr'><em>ultro</em></span> <span class='ocrx_word' id='word_1_144' title='bbox 613 2322 759 2400; x_wconf 85' lang='lat' dir='ltr'><em>largirer,</em></span> <span class='ocrx_word' id='word_1_145' title='bbox 777 2321 929 2402; x_wconf 80' lang='lat' dir='ltr'><em>probandi</em></span> <span class='ocrx_word' id='word_1_146' title='bbox 960 2321 1253 2404; x_wconf 79' lang='lat' dir='ltr'><em>reprebendendtque</em></span> <span class='ocrx_word' id='word_1_147' title='bbox 1272 2319 1358 2404; x_wconf 86' lang='lat' dir='ltr'><em>quod</em></span> 
     </span>
    </p>
   </div>
   <div class='ocr_carea' id='block_1_3' title="bbox 260 2427 1356 2619">
    <p class='ocr_par' dir='ltr' id='par_1_3' title="bbox 260 2427 1356 2619">
     <span class='ocr_line' id='line_1_20' title="bbox 260 2427 1355 2536; baseline -0.002 -46"><span class='ocrx_word' id='word_1_148' title='bbox 260 2427 383 2536; x_wconf 74' lang='lat' dir='ltr'><em>digqum</em></span> <span class='ocrx_word' id='word_1_149' title='bbox 404 2427 538 2493; x_wconf 77' lang='lat' dir='ltr'><em>duxeris.</em></span> <span class='ocrx_word' id='word_1_150' title='bbox 560 2427 716 2490; x_wconf 85' lang='lat' dir='ltr'><em>Paratum</em></span> <span class='ocrx_word' id='word_1_151' title='bbox 737 2447 803 2489; x_wconf 88' lang='lat' dir='ltr'><em>ecce</em></span> <span class='ocrx_word' id='word_1_152' title='bbox 822 2449 869 2489; x_wconf 89' lang='lat' dir='ltr'><em>me</em></span> <span class='ocrx_word' id='word_1_153' title='bbox 889 2429 922 2490; x_wconf 87' lang='lat' dir='ltr'><em>in</em></span> <span class='ocrx_word' id='word_1_154' title='bbox 942 2431 1089 2490; x_wconf 85' lang='lat' dir='ltr'><em>utrumvis</em></span> <span class='ocrx_word' id='word_1_155' title='bbox 1111 2429 1216 2503; x_wconf 86' lang='lat' dir='ltr'><em>babes,·</em></span> <span class='ocrx_word' id='word_1_156' title='bbox 1234 2441 1264 2488; x_wconf 88' lang='lat' dir='ltr'><em>et</em></span> <span class='ocrx_word' id='word_1_157' title='bbox 1282 2448 1355 2513; x_wconf 82' lang='lat' dir='ltr'><em>quo·</em></span> 
     </span>
     <span class='ocr_line' id='line_1_21' title="bbox 260 2535 1356 2619; baseline 0 -25"><span class='ocrx_word' id='word_1_158' title='bbox 260 2555 381 2619; x_wconf 78' lang='lat' dir='ltr'><em>euntque</em></span> <span class='ocrx_word' id='word_1_159' title='bbox 400 2536 468 2594; x_wconf 87' lang='lat' dir='ltr'><em>alca</em></span> <span class='ocrx_word' id='word_1_160' title='bbox 486 2537 629 2613; x_wconf 80' lang='lat' dir='ltr'><em>uerterit,</em></span> <span class='ocrx_word' id='word_1_161' title='bbox 655 2537 778 2618; x_wconf 85' lang='lat' dir='ltr'><em>proviso</em></span> <span class='ocrx_word' id='word_1_162' title='bbox 804 2547 922 2618; x_wconf 88' lang='lat' dir='ltr'><em>receptu</em></span> <span class='ocrx_word' id='word_1_163' title='bbox 944 2537 1125 2618; x_wconf 85' lang='lat' dir='ltr'><em>quieturum.</em></span> <span class='ocrx_word' id='word_1_164' title='bbox 1172 2535 1267 2595; x_wconf 85' lang='lat' dir='ltr'><em>Grati</em></span> <span class='ocrx_word' id='word_1_165' title='bbox 1304 2535 1356 2594; x_wconf 87' lang='lat' dir='ltr'><em>ari</em></span> 
     </span>
    </p>
   </div>
   <div class='ocr_carea' id='block_1_4' title="bbox 250 2642 1364 4240">
    <p class='ocr_par' dir='ltr' id='par_1_4' title="bbox 250 2642 1364 4240">
     <span class='ocr_line' id='line_1_22' title="bbox 256 2642 1358 2728; baseline 0 -26"><span class='ocrx_word' id='word_1_166' title='bbox 256 2643 377 2726; x_wconf 87' lang='lat' dir='ltr'><em>publico</em></span> <span class='ocrx_word' id='word_1_167' title='bbox 399 2642 491 2716; x_wconf 82' lang='lat' dir='ltr'><em>volni,</em></span> <span class='ocrx_word' id='word_1_168' title='bbox 518 2646 633 2704; x_wconf 80' lang='lat' dir='ltr'><em>servire</em></span> <span class='ocrx_word' id='word_1_169' title='bbox 654 2645 777 2728; x_wconf 86' lang='lat' dir='ltr'><em>amicis,</em></span> <span class='ocrx_word' id='word_1_170' title='bbox 796 2643 923 2728; x_wconf 88' lang='lat' dir='ltr'><em>obsequi</em></span> <span class='ocrx_word' id='word_1_171' title='bbox 941 2644 1020 2704; x_wconf 82' lang='lat' dir='ltr'><em>uiris</em></span> <span class='ocrx_word' id='word_1_172' title='bbox 1040 2643 1180 2724; x_wconf 82' lang='lat' dir='ltr'><em>magnis:</em></span> <span class='ocrx_word' id='word_1_173' title='bbox 1203 2642 1358 2702; x_wconf 83' lang='lat' dir='ltr'><em>uoluntate.</em></span> 
     </span>
     <span class='ocr_line' id='line_1_23' title="bbox 260 2750 1356 2834; baseline 0.002 -26"><span class='ocrx_word' id='word_1_174' title='bbox 260 2771 297 2809; x_wconf 88' lang='lat' dir='ltr'><em>ac</em></span> <span class='ocrx_word' id='word_1_175' title='bbox 306 2751 379 2834; x_wconf 82' lang='lat' dir='ltr'><em>fide</em></span> <span class='ocrx_word' id='word_1_176' title='bbox 400 2750 517 2833; x_wconf 88' lang='lat' dir='ltr'><em>optima</em></span> <span class='ocrx_word' id='word_1_177' title='bbox 537 2751 570 2811; x_wconf 88' lang='lat' dir='ltr'><em>in</em></span> <span class='ocrx_word' id='word_1_178' title='bbox 588 2753 707 2832; x_wconf 80' lang='lat' dir='ltr'><em>negotio</em></span> <span class='ocrx_word' id='word_1_179' title='bbox 734 2763 871 2812; x_wconf 80' lang='lat' dir='ltr'><em>versatus</em></span> <span class='ocrx_word' id='word_1_180' title='bbox 889 2771 964 2812; x_wconf 90' lang='lat' dir='ltr'><em>sum.</em></span> <span class='ocrx_word' id='word_1_181' title='bbox 1005 2751 1069 2812; x_wconf 86' lang='lat' dir='ltr'><em>Hie</em></span> <span class='ocrx_word' id='word_1_182' title='bbox 1087 2771 1216 2833; x_wconf 86' lang='lat' dir='ltr'><em>semper,</em></span> <span class='ocrx_word' id='word_1_183' title='bbox 1234 2761 1356 2810; x_wconf 88' lang='lat' dir='ltr'><em>utcum-</em></span> 
     </span>
     <span class='ocr_line' id='line_1_24' title="bbox 258 2845 1355 2940; baseline 0.001 -22"><span class='ocrx_word' id='word_1_184' title='bbox 258 2880 315 2940; x_wconf 87' lang='lat' dir='ltr'><em>que</em></span> <span class='ocrx_word' id='word_1_185' title='bbox 335 2859 405 2924; x_wconf 88' lang='lat' dir='ltr'><em>alia</em></span> <span class='ocrx_word' id='word_1_186' title='bbox 424 2845 592 2936; x_wconf 87' lang='lat' dir='ltr'><em>ceciderint,</em></span> <span class='ocrx_word' id='word_1_187' title='bbox 613 2860 820 2921; x_wconf 82' lang='lat' dir='ltr'><em>corucientiam</em></span> <span class='ocrx_word' id='word_1_188' title='bbox 841 2860 1018 2922; x_wconf 79' lang='lat' dir='ltr'><em>sintentabit</em></span> <span class='ocrx_word' id='word_1_189' title='bbox 1030 2861 1163 2940; x_wconf 68' lang='lat' dir='ltr'><em>frotetus.</em></span> <span class='ocrx_word' id='word_1_190' title='bbox 1206 2859 1282 2920; x_wconf 86' lang='lat' dir='ltr'><em>Peto</em></span> <span class='ocrx_word' id='word_1_191' title='bbox 1303 2872 1355 2920; x_wconf 78' lang='lat' dir='ltr'><em>ta-</em></span> 
     </span>
     <span class='ocr_line' id='line_1_25' title="bbox 259 2965 1355 3052; baseline 0 -27"><span class='ocrx_word' id='word_1_192' title='bbox 259 2984 339 3041; x_wconf 89' lang='lat' dir='ltr'><em>men,</em></span> <span class='ocrx_word' id='word_1_193' title='bbox 360 2965 397 3026; x_wconf 79' lang='lat' dir='ltr'><em>td</em></span> <span class='ocrx_word' id='word_1_194' title='bbox 414 2967 499 3050; x_wconf 87' lang='lat' dir='ltr'><em>quod</em></span> <span class='ocrx_word' id='word_1_195' title='bbox 518 2968 685 3050; x_wconf 88' lang='lat' dir='ltr'><em>aequitatis</em></span> <span class='ocrx_word' id='word_1_196' title='bbox 707 2982 750 3028; x_wconf 85' lang='lat' dir='ltr'><em>est</em></span> <span class='ocrx_word' id='word_1_197' title='bbox 767 2981 844 3045; x_wconf 87' lang='lat' dir='ltr'><em>tuae,</em></span> <span class='ocrx_word' id='word_1_198' title='bbox 870 2987 908 3028; x_wconf 89' lang='lat' dir='ltr'><em>ne</em></span> <span class='ocrx_word' id='word_1_199' title='bbox 923 2969 1108 3052; x_wconf 84' lang='lat' dir='ltr'><em>praecipites</em></span> <span class='ocrx_word' id='word_1_200' title='bbox 1128 2981 1228 3028; x_wconf 85' lang='lat' dir='ltr'><em>atrum</em></span> <span class='ocrx_word' id='word_1_201' title='bbox 1248 2967 1355 3028; x_wconf 61' lang='lat' dir='ltr'><em>caleu-</em></span> 
     </span>
     <span class='ocr_line' id='line_1_26' title="bbox 259 3074 1364 3161; baseline 0.002 -27"><span class='ocrx_word' id='word_1_202' title='bbox 259 3074 324 3135; x_wconf 89' lang='lat' dir='ltr'><em>lum</em></span> <span class='ocrx_word' id='word_1_203' title='bbox 345 3075 389 3136; x_wconf 89' lang='lat' dir='ltr'><em>ad</em></span> <span class='ocrx_word' id='word_1_204' title='bbox 407 3077 550 3158; x_wconf 86' lang='lat' dir='ltr'><em>quamvis</em></span> <span class='ocrx_word' id='word_1_205' title='bbox 569 3097 601 3138; x_wconf 89' lang='lat' dir='ltr'><em>se</em></span> <span class='ocrx_word' id='word_1_206' title='bbox 616 3077 752 3160; x_wconf 89' lang='lat' dir='ltr'><em>primum</em></span> <span class='ocrx_word' id='word_1_207' title='bbox 773 3075 947 3158; x_wconf 71' lang='lat' dir='ltr'><em>offirentem</em></span> <span class='ocrx_word' id='word_1_208' title='bbox 965 3079 1090 3160; x_wconf 87' lang='lat' dir='ltr'><em>speciem</em></span> <span class='ocrx_word' id='word_1_209' title='bbox 1112 3078 1233 3161; x_wconf 86' lang='lat' dir='ltr'><em>culpae.</em></span> <span class='ocrx_word' id='word_1_210' title='bbox 1276 3076 1364 3150; x_wconf 75' lang='lat' dir='ltr'><em>Fere,</em></span> 
     </span>
     <span class='ocr_line' id='line_1_27' title="bbox 258 3183 1354 3271; baseline 0 -29"><span class='ocrx_word' id='word_1_211' title='bbox 258 3201 322 3242; x_wconf 89' lang='lat' dir='ltr'><em>non</em></span> <span class='ocrx_word' id='word_1_212' title='bbox 347 3183 489 3266; x_wconf 79' lang='lat' dir='ltr'><em>primas3</em></span> <span class='ocrx_word' id='word_1_213' title='bbox 518 3203 558 3245; x_wconf 88' lang='lat' dir='ltr'><em>ac</em></span> <span class='ocrx_word' id='word_1_214' title='bbox 579 3205 617 3245; x_wconf 87' lang='lat' dir='ltr'><em>ne</em></span> <span class='ocrx_word' id='word_1_215' title='bbox 637 3185 785 3246; x_wconf 87' lang='lat' dir='ltr'><em>secundas</em></span> <span class='ocrx_word' id='word_1_216' title='bbox 812 3184 934 3271; x_wconf 87' lang='lat' dir='ltr'><em>quidem</em></span> <span class='ocrx_word' id='word_1_217' title='bbox 953 3205 1052 3269; x_wconf 87' lang='lat' dir='ltr'><em>saepe,</em></span> <span class='ocrx_word' id='word_1_218' title='bbox 1072 3205 1154 3268; x_wconf 26' lang='lat' dir='ltr'><em>,quas</em></span> <span class='ocrx_word' id='word_1_219' title='bbox 1174 3184 1267 3263; x_wconf 75' lang='lat' dir='ltr'><em>uulgo</em></span> <span class='ocrx_word' id='word_1_220' title='bbox 1285 3184 1354 3242; x_wconf 83' lang='lat' dir='ltr'><em>lau·</em></span> 
     </span>
     <span class='ocr_line' id='line_1_28' title="bbox 258 3289 1354 3377; baseline 0.001 -28"><span class='ocrx_word' id='word_1_221' title='bbox 258 3289 342 3366; x_wconf 84' lang='lat' dir='ltr'><em>dant,</em></span> <span class='ocrx_word' id='word_1_222' title='bbox 363 3291 553 3371; x_wconf 84' lang='lat' dir='ltr'><em>cogitationes</em></span> <span class='ocrx_word' id='word_1_223' title='bbox 574 3292 695 3354; x_wconf 83' lang='lat' dir='ltr'><em>chartae</em></span> <span class='ocrx_word' id='word_1_224' title='bbox 715 3293 811 3353; x_wconf 81' lang='lat' dir='ltr'><em>illeai.</em></span> <span class='ocrx_word' id='word_1_225' title='bbox 833 3306 866 3352; x_wconf 89' lang='lat' dir='ltr'><em>at</em></span> <span class='ocrx_word' id='word_1_226' title='bbox 886 3313 1105 3377; x_wconf 88' lang='lat' dir='ltr'><em>nonnumquam</em></span> <span class='ocrx_word' id='word_1_227' title='bbox 1123 3305 1245 3376; x_wconf 86' lang='lat' dir='ltr'><em>quartas</em></span> <span class='ocrx_word' id='word_1_228' title='bbox 1263 3293 1354 3375; x_wconf 84' lang='lat' dir='ltr'><em>quin-</em></span> 
     </span>
     <span class='ocr_line' id='line_1_29' title="bbox 257 3386 1352 3483; baseline -0.001 -25"><span class='ocrx_word' id='word_1_229' title='bbox 257 3410 355 3458; x_wconf 85' lang='lat' dir='ltr'><em>tasve.</em></span> <span class='ocrx_word' id='word_1_230' title='bbox 398 3399 488 3459; x_wconf 88' lang='lat' dir='ltr'><em>Fieri</em></span> <span class='ocrx_word' id='word_1_231' title='bbox 516 3386 614 3481; x_wconf 84' lang='lat' dir='ltr'><em>potest</em></span> <span class='ocrx_word' id='word_1_232' title='bbox 641 3399 777 3483; x_wconf 76' lang='lat' dir='ltr'><em>estquod</em></span> <span class='ocrx_word' id='word_1_233' title='bbox 802 3401 859 3462; x_wconf 86' lang='lat' dir='ltr'><em>tibi</em></span> <span class='ocrx_word' id='word_1_234' title='bbox 874 3403 1010 3483; x_wconf 87' lang='lat' dir='ltr'><em>primum</em></span> <span class='ocrx_word' id='word_1_235' title='bbox 1031 3401 1199 3461; x_wconf 86' lang='lat' dir='ltr'><em>advertenti</em></span> <span class='ocrx_word' id='word_1_236' title='bbox 1219 3400 1352 3460; x_wconf 88' lang='lat' dir='ltr'><em>animum</em></span> 
     </span>
     <span class='ocr_line' id='line_1_30' title="bbox 260 3502 1353 3593; baseline 0.002 -29"><span class='ocrx_word' id='word_1_237' title='bbox 260 3506 293 3564; x_wconf 90' lang='lat' dir='ltr'><em>in</em></span> <span class='ocrx_word' id='word_1_238' title='bbox 313 3519 437 3566; x_wconf 89' lang='lat' dir='ltr'><em>mentem</em></span> <span class='ocrx_word' id='word_1_239' title='bbox 458 3509 586 3580; x_wconf 83' lang='lat' dir='ltr'><em>venerit,</em></span> <span class='ocrx_word' id='word_1_240' title='bbox 601 3529 638 3570; x_wconf 92' lang='lat' dir='ltr'><em>ne</em></span> <span class='ocrx_word' id='word_1_241' title='bbox 652 3529 699 3568; x_wconf 90' lang='lat' dir='ltr'><em>me</em></span> <span class='ocrx_word' id='word_1_242' title='bbox 719 3507 843 3591; x_wconf 90' lang='lat' dir='ltr'><em>quidem</em></span> <span class='ocrx_word' id='word_1_243' title='bbox 864 3511 961 3593; x_wconf 87' lang='lat' dir='ltr'><em>ipsum</em></span> <span class='ocrx_word' id='word_1_244' title='bbox 972 3502 1111 3588; x_wconf 69' lang='lat' dir='ltr'><em>figent:</em></span> <span class='ocrx_word' id='word_1_245' title='bbox 1134 3521 1282 3568; x_wconf 87' lang='lat' dir='ltr'><em>caeterum</em></span> <span class='ocrx_word' id='word_1_246' title='bbox 1298 3525 1353 3586; x_wconf 76' lang='lat' dir='ltr'><em>ego</em></span> 
     </span>
     <span class='ocr_line' id='line_1_31' title="bbox 256 3605 1352 3700; baseline 0.004 -30"><span class='ocrx_word' id='word_1_247' title='bbox 256 3609 340 3671; x_wconf 88' lang='lat' dir='ltr'><em>illud</em></span> <span class='ocrx_word' id='word_1_248' title='bbox 358 3612 449 3673; x_wconf 86' lang='lat' dir='ltr'><em>alteri</em></span> <span class='ocrx_word' id='word_1_249' title='bbox 466 3613 600 3675; x_wconf 88' lang='lat' dir='ltr'><em>nondum</em></span> <span class='ocrx_word' id='word_1_250' title='bbox 627 3615 681 3676; x_wconf 92' lang='lat' dir='ltr'><em>tibi</em></span> <span class='ocrx_word' id='word_1_251' title='bbox 700 3614 919 3678; x_wconf 84' lang='lat' dir='ltr'><em>animadverso</em></span> <span class='ocrx_word' id='word_1_252' title='bbox 943 3605 1190 3700; x_wconf 58' lang='lat' dir='ltr'><em>posthabuertmss</em></span> <span class='ocrx_word' id='word_1_253' title='bbox 1213 3629 1241 3675; x_wconf 90' lang='lat' dir='ltr'><em>te</em></span> <span class='ocrx_word' id='word_1_254' title='bbox 1259 3615 1352 3696; x_wconf 89' lang='lat' dir='ltr'><em>paria</em></span> 
     </span>
     <span class='ocr_line' id='line_1_32' title="bbox 254 3719 1352 3809; baseline 0 -25"><span class='ocrx_word' id='word_1_255' title='bbox 254 3719 371 3784; x_wconf 71' lang='lat' dir='ltr'><em>foenera</em></span> <span class='ocrx_word' id='word_1_256' title='bbox 391 3722 420 3780; x_wconf 92' lang='lat' dir='ltr'><em>si</em></span> <span class='ocrx_word' id='word_1_257' title='bbox 441 3721 484 3780; x_wconf 92' lang='lat' dir='ltr'><em>ibi</em></span> <span class='ocrx_word' id='word_1_258' title='bbox 504 3744 588 3800; x_wconf 90' lang='lat' dir='ltr'><em>esses,</em></span> <span class='ocrx_word' id='word_1_259' title='bbox 609 3723 775 3804; x_wconf 87' lang='lat' dir='ltr'><em>probatura</em></span> <span class='ocrx_word' id='word_1_260' title='bbox 794 3726 867 3809; x_wconf 92' lang='lat' dir='ltr'><em>quin</em></span> <span class='ocrx_word' id='word_1_261' title='bbox 885 3725 1046 3786; x_wconf 88' lang='lat' dir='ltr'><em>etiamubi</em></span> <span class='ocrx_word' id='word_1_262' title='bbox 1067 3725 1248 3802; x_wconf 71' lang='lat' dir='ltr'><em>cognocens.</em></span> <span class='ocrx_word' id='word_1_263' title='bbox 1292 3722 1352 3784; x_wconf 85' lang='lat' dir='ltr'><em>Co-</em></span> 
     </span>
     <span class='ocr_line' id='line_1_33' title="bbox 255 3831 1351 3917; baseline 0.005 -31"><span class='ocrx_word' id='word_1_264' title='bbox 255 3846 396 3907; x_wconf 83' lang='lat' dir='ltr'><em>gnoscere</em></span> <span class='ocrx_word' id='word_1_265' title='bbox 426 3841 526 3889; x_wconf 86' lang='lat' dir='ltr'><em>autem</em></span> <span class='ocrx_word' id='word_1_266' title='bbox 549 3832 663 3914; x_wconf 89' lang='lat' dir='ltr'><em>poteris</em></span> <span class='ocrx_word' id='word_1_267' title='bbox 693 3831 854 3917; x_wconf 88' lang='lat' dir='ltr'><em>quaedam</em></span> <span class='ocrx_word' id='word_1_268' title='bbox 885 3832 1043 3916; x_wconf 87' lang='lat' dir='ltr'><em>quideme</em></span> <span class='ocrx_word' id='word_1_269' title='bbox 1066 3831 1351 3912; x_wconf 84' lang='lat' dir='ltr'><em>Glossario,longe</em></span> 
     </span>
     <span class='ocr_line' id='line_1_34' title="bbox 250 3934 1350 4021; baseline 0.006 -28"><span class='ocrx_word' id='word_1_270' title='bbox 250 3934 380 4018; x_wconf 88' lang='lat' dir='ltr'><em>plurae</em></span> <span class='ocrx_word' id='word_1_271' title='bbox 407 3936 512 4013; x_wconf 71' lang='lat' dir='ltr'><em>Notis,</em></span> <span class='ocrx_word' id='word_1_272' title='bbox 532 3961 657 4021; x_wconf 87' lang='lat' dir='ltr'><em>quorum</em></span> <span class='ocrx_word' id='word_1_273' title='bbox 682 3941 763 4001; x_wconf 90' lang='lat' dir='ltr'><em>illud</em></span> <span class='ocrx_word' id='word_1_274' title='bbox 781 3963 861 4001; x_wconf 90' lang='lat' dir='ltr'><em>nunc</em></span> <span class='ocrx_word' id='word_1_275' title='bbox 881 3940 1006 4015; x_wconf 87' lang='lat' dir='ltr'><em>damus,·</em></span> <span class='ocrx_word' id='word_1_276' title='bbox 1027 3942 1083 4000; x_wconf 88' lang='lat' dir='ltr'><em>bas</em></span> <span class='ocrx_word' id='word_1_277' title='bbox 1102 3942 1229 4000; x_wconf 82' lang='lat' dir='ltr'><em>retinere</em></span> <span class='ocrx_word' id='word_1_278' title='bbox 1250 3939 1350 4000; x_wconf 80' lang='lat' dir='ltr'><em>adbuc</em></span> 
     </span>
     <span class='ocr_line' id='line_1_35' title="bbox 254 4042 1349 4130; baseline 0.005 -27"><span class='ocrx_word' id='word_1_279' title='bbox 254 4042 409 4122; x_wconf 84' lang='lat' dir='ltr'><em>cogimur,</em></span> <span class='ocrx_word' id='word_1_280' title='bbox 427 4047 524 4128; x_wconf 85' lang='lat' dir='ltr'><em>paulo</em></span> <span class='ocrx_word' id='word_1_281' title='bbox 546 4063 613 4129; x_wconf 87' lang='lat' dir='ltr'><em>post</em></span> <span class='ocrx_word' id='word_1_282' title='bbox 636 4069 705 4110; x_wconf 87' lang='lat' dir='ltr'><em>cum</em></span> <span class='ocrx_word' id='word_1_283' title='bbox 730 4050 785 4108; x_wconf 86' lang='lat' dir='ltr'><em>tibi</em></span> <span class='ocrx_word' id='word_1_284' title='bbox 810 4062 901 4130; x_wconf 83' lang='lat' dir='ltr'><em>grato</em></span> <span class='ocrx_word' id='word_1_285' title='bbox 920 4048 1096 4130; x_wconf 87' lang='lat' dir='ltr'><em>publiceque</em></span> <span class='ocrx_word' id='word_1_286' title='bbox 1118 4049 1186 4109; x_wconf 83' lang='lat' dir='ltr'><em>utili</em></span> <span class='ocrx_word' id='word_1_287' title='bbox 1204 4049 1349 4109; x_wconf 87' lang='lat' dir='ltr'><em>auctario</em></span> 
     </span>
     <span class='ocr_line' id='line_1_36' title="bbox 253 4148 1350 4240; baseline 0 -26"><span class='ocrx_word' id='word_1_288' title='bbox 253 4148 435 4216; x_wconf 74' lang='lat' dir='ltr'><em>recidendas.</em></span> <span class='ocrx_word' id='word_1_289' title='bbox 492 4156 620 4240; x_wconf 80' lang='lat' dir='ltr'><em>chartdo</em></span> <span class='ocrx_word' id='word_1_290' title='bbox 647 4158 788 4219; x_wconf 80' lang='lat' dir='ltr'><em>nimirum</em></span> <span class='ocrx_word' id='word_1_291' title='bbox 820 4155 932 4220; x_wconf 86' lang='lat' dir='ltr'><em>Annae</em></span> <span class='ocrx_word' id='word_1_292' title='bbox 964 4169 1100 4234; x_wconf 89' lang='lat' dir='ltr'><em>nostrae,</em></span> <span class='ocrx_word' id='word_1_293' title='bbox 1136 4175 1227 4238; x_wconf 89' lang='lat' dir='ltr'><em>quam</em></span> <span class='ocrx_word' id='word_1_294' title='bbox 1262 4153 1350 4216; x_wconf 87' lang='lat' dir='ltr'><em>modo</em></span> 
     </span>
    </p>
   </div>
   <div class='ocr_carea' id='block_1_5' title="bbox 0 0 1556 4902">
    <p class='ocr_par' dir='ltr' id='par_1_5' title="bbox 0 0 1556 4902">
     <span class='ocr_line' id='line_1_37' title="bbox 0 0 1556 4902; baseline 0 1"><span class='ocrx_word' id='word_1_295' title='bbox 0 0 1556 4902; x_wconf 95' lang='lat' dir='ltr'><em> </em></span> 
     </span>
    </p>
   </div>
  </div>
 </body>
</html>
