3102 4902
620 355 862 423 ruttrsrro.
1176 363 1290 427 xxvlt

199 491 458 594 ταουστάδην,
483 499 587 598 quod
598 501 736 573 Lerieis
750 499 862 573 deest.
942 501 1025 594 129,
1039 505 1074 574 Ω.
1099 497 1291 599 μονάδιον,

201 622 305 722 quod
328 623 562 695 lloeschelius
590 625 763 720 coniecit,
794 625 1048 722 reponendum
1078 639 1174 722 erat,
1207 651 1291 701 sua-

201 746 312 820 dente
333 746 521 844 Dueangio
540 746 723 820 Constant.
752 747 881 820 Christ
901 749 955 820 tv.
987 775 1025 847 p.
1044 754 1127 822 125.
1207 753 1292 846 176,

204 877 261 943 13.
285 869 480 962 σωματικὰ
511 865 666 968 δεύτερα
695 870 845 942 τίθεται
876 871 997 966 λόγου.
1048 873 1165 946 Locus
1187 875 1293 948 resti-³

200 995 315 1066 utimr
339 991 526 1088 facillime,
551 993 581 1065 si
604 988 787 1090 δεύτερον,
811 993 916 1092 qnod
942 993 980 1065 C.
1001 995 1125 1090 habet,
1146 997 1185 1068 in
1210 991 1293 1066 ilae-

201 1118 311 1216 τέρου
334 1115 538 1190 mutaveris.
617 1121 701 1214 193,
714 1123 774 1192 90.
808 1118 887 1190 ἐπεὶ
908 1120 929 1189 ὁ
951 1124 1180 1213 Βαῖμοῦντος
1204 1145 1294 1217 καρ-

201 1242 400 1343 τερώτερον
426 1245 556 1324 αὐτοῖς
575 1243 796 1341 ἐπεμάχετο.
847 1244 900 1316 Ita
918 1267 1017 1317 nunc
1036 1245 1178 1344 legitur,
1202 1269 1294 1317 con·

202 1381 259 1439 tra
283 1389 440 1438 sensum.
472 1363 655 1439 limeudo:
691 1363 922 1464 ἀπεμάχετο.
1005 1370 1092 1462 215,
1113 1377 1146 1442 l·
1179 1366 1294 1466 proti

204 1483 247 1560 δὲ
277 1489 396 1562 scribe
427 1483 509 1584 ἥδε,
543 1491 709 1588 pleniore
743 1491 1038 1589 interpunctione
1076 1505 1161 1591 post
1190 1491 1297 1574 θέσις
1330 1532 1332 1538 -
1445 1500 1448 1504 ’

205 1613 336 1712 posita.
426 1616 586 1706 273,20.
612 1611 712 1684 κατὰ
740 1606 897 1694 δεκάδας
921 1612 1008 1695 τοὺς
1033 1606 1192 1704 λογάδας
1222 1617 1295 1686 τῶν

203 1731 429 1834 Μανιχαίον
444 1737 640 1806 solelebat
657 1735 834 1807 ἐκέλευσε.
861 1737 933 1808 Ρνο
953 1739 1080 1835 inepto
1102 1737 1296 1808 ποιεῖσθαι

205 1885 306 1933 nunc
327 1862 453 1934 malim
479 1837 716 1960 πορεύεοὸοιι.
815 1865 902 1956 328,
912 1865 947 1934 8.
970 1863 1048 1958 lege
1065 1863 1297 1934 οὑτινοσοῦν.

206 1989 294 2079 337,
305 1991 340 2056 5.
365 2009 435 2082 pro
464 1985 609 2058 τούτων
632 1987 711 2082 lege
735 1984 896 2079 τούτου,
927 1997 970 2057 ut
995 1983 1042 2058 ad
1064 1985 1183 2058 solum
1208 1983 1298 2059 Cae-

206 2133 325 2182 sarem
350 2109 531 2206 respieiat.
732 2103 734 2108 ’

292 2233 437 2332 ¹Verum
468 2233 562 2304 haec
596 2233 726 2304 obiter.
785 2232 876 2306 Nam
911 2229 959 2304 de
993 2230 1174 2305 eiusmodi
1210 2231 1301 2304 locis

207 2356 405 2454 plerisque,
430 2355 471 2427 in
496 2355 632 2453 quibus
656 2355 842 2451 scriptoris
856 2378 986 2426 manus
1006 2352 1173 2426 nondum
1198 2353 1303 2426 resti-

209 2493 287 2552 tuta
311 2477 466 2573 videtur,
490 2491 570 2550 tum
592 2480 743 2576 proprie
759 2477 941 2576 agendum
961 2479 1041 2572 erit,
1067 2503 1151 2550 eum
1176 2475 1302 2548 Auno-

207 2605 365 2674 tationes
391 2602 559 2675 scribam.
620 2603 725 2676 Nunc
748 2602 931 2699 reliquum
958 2615 1029 2696 est,
1052 2612 1094 2672 ut
1117 2599 1165 2673 de
1190 2601 1303 2672 inter·

208 2730 415 2825 pretatione
430 2728 568 2822 Latina,
594 2751 705 2825 quam
722 2726 986 2800 huieeditioni
1004 2750 1138 2798 novam
1164 2721 1303 2818 addidi,

210 2852 323 2922 verbo
341 2874 526 2924 moneam.
553 2848 595 2921 Id
607 2851 808 2947 negotium,
823 2830 1011 2922 molestiae
1022 2848 1209 2945 taediique
1223 2849 1304 2944 ple-

210 2975 413 3068 nissimum,
438 2989 481 3046 ut
503 2975 738 3072 susciperem5
762 2998 820 3046 res
843 2975 922 3071 ipsa
939 2973 1079 3070 exigere
1101 2971 1303 3044 ridebatur.

208 3097 347 3192 Nempe
362 3100 546 3192 Possinus,
571 3123 655 3168 oum
668 3121 746 3169 non,
759 3094 1042 3191 tamvertendo,
1063 3119 1175 3193 quarn
1199 3117 1305 3164 enar-

210 3218 327 3292 rando
353 3246 505 3317 operam
537 3219 658 3314 daret,
690 3220 824 3292 mirum
864 3245 976 3318 quam
1012 3219 1127 3291 libere
1159 3243 1237 3290 non
1265 3219 1306 3292 in

211 3344 332 3416 verbis
355 3343 469 3417 modo
494 3345 661 3442 singulis,
693 3369 819 3418 verum
851 3345 960 3415 etiam
985 3344 1131 3415 intotis
1155 3356 1305 3413 senten·

211 3466 271 3537 tiis
287 3466 490 3540 ‘reddendis
521 3483 680 3541 versatus
711 3482 783 3563 est,
816 3466 1173 3562 circumscribendo,
1198 3464 1306 3540 affin-

212 3589 356 3686 gendo‚
388 3592 516 3689 primis
544 3607 730 3690 postrema
754 3590 968 3687 miscendo,
994 3593 1120 3664 omnia
1144 3590 1308 3687 denique

213 3713 406 3786 obruendo
433 3716 570 3813 ingenti
594 3716 791 3792 verborum
815 3716 981 3788 flumine.
1046 3713 1149 3787 Unde
1174 3713 1308 3789 lactum

216 3849 289 3930 est,
309 3850 352 3909 ut
371 3839 510 3910 Alexias
526 3839 652 3912 Latina
677 3841 717 3912 in
743 3837 1022 3936 amplitudinem
1048 3838 1162 3936 duplo
1188 3837 1309 3910 maio-
1411 3839 1414 3847 '

218 3983 297 4030 rem
334 3962 547 4056 excreverit,
570 3987 682 4061 quam
710 3963 867 4057 Graeca,
898 3978 935 4035 et
960 3966 1070 4036 altera
1094 3961 1239 4035 alterius
1261 3988 1309 4036 ne
1356 3996 1359 4009 ·

214 4085 382 4157 umbram
409 4085 561 4184 quidem
586 4087 727 4159 referat.
780 4087 865 4180 Quo
892 4089 1013 4160 minus
1039 4101 1161 4160 autem
1187 4087 1309 4160 Possi-

217 4207 348 4280 nianae
381 4212 558 4284 versionis
590 4213 767 4286 luxuriem
802 4211 997 4310 depascere
1028 4211 1130 4286 licuit
1163 4211 1211 4285 ad
1243 4211 1310 4285 ali-
