3102 4902
598 349 840 414 animatio.
1196 355 1264 418 XX!

174 493 314 589 spicere
333 487 507 583 licuisset,
532 515 644 588 quem
668 493 707 564 in
732 493 829 564 Petri
846 491 963 586 Fabri,
983 485 1056 564 lCti
1079 493 1268 590 Tolosani,

177 615 448 686 Commentario
476 612 523 685 ad
535 613 671 712 Leg.ll.
700 613 745 686 de
771 616 854 688 lust.
882 628 919 686 ct
940 615 1018 688 Iure
1041 642 1079 713 p.
1093 621 1177 690 751.
1204 643 1267 689 ex-

177 755 284 834 stare,
309 739 513 836 Ducangius
534 738 582 812 ad
596 741 688 812 Anu.
701 738 828 812 Comn.
857 739 898 812 Il.
912 743 947 813 8.
972 766 1011 837 p.
1028 737 1111 836 114,
1128 744 1185 814 19.
1211 757 1269 815 te-

176 879 301 936 statur.
362 863 495 936 Verum
529 863 630 936 hunc
661 861 995 958 Commentarinm,
1020 866 1087 938 etsi
1107 865 1269 962 studiose

179 989 353 1086 quaesivi,
376 989 538 1062 nancisci
556 1013 633 1060 non
647 989 765 1084 potui.
865 988 963 1062 Alter
987 988 1105 1064 codex
1128 1003 1182 1062 est
1198 991 1269 1066 Va-

176 1111 334 1205 ticanus,
359 1111 425 1207 qui
451 1135 536 1182 cum
566 1124 718 1184 exeunte
749 1112 892 1184 saeculo
917 1113 1087 1210 proximo
1109 1114 1270 1188 Romaa

180 1233 418 1330 Francogallis
437 1233 595 1306 Parisios
620 1235 758 1306 ablatus
783 1247 895 1330 esset,
920 1235 969 1308 ad
992 1237 1182 1334 pristinam
1209 1263 1268 1310 se·

180 1355 267 1432 dem
280 1354 420 1430 dudum
433 1355 555 1432 rediit.
571 1357 655 1431 Eius
667 1358 894 1434 mentionem
906 1359 1068 1434 iecerunt
1078 1357 1270 1456 SteCroix,

178 1481 336 1554 Examen
362 1478 519 1577 critique
542 1479 607 1554 des
638 1484 785 1584 enciens
813 1481 1009 1560 historiens
1033 1483 1270 1558 d'Alexandre

176 1606 212 1678 le
239 1601 384 1698 Grand,
413 1629 488 1677 sec.
515 1603 602 1677 edit.
640 1607 777 1702 puta.
804 1620 852 1680 et.
874 1605 968 1682 Frid.
993 1606 1147 1681 Witken.
1179 1609 1268 1680 Hist

179 1723 308 1830 Coma.-
323 1753 359 1824 p.
371 1727 442 1802 XV.
491 1727 609 1802 Minus
630 1742 727 1802 recte
746 1743 939 1826 postremo
961 1731 1002 1803 in
1027 1730 1110 1804 loco
1128 1727 1270 1804 Vatica-

178 1875 247 1924 nus
272 1853 361 1926 alter
384 1853 595 1956 appellatur.
634 1853 765 1926 ¹Error
789 1852 894 1949 inde,
919 1867 961 1929 nt
986 1855 1138 1952 opinor,
1157 1855 1271 1949 venit,

180 1974 486 2072 quod'Fabricius
514 1977 554 2050 in
579 1978 671 2052 titt.
696 1977 821 2052 Graec.
845 1979 922 2051 Vol.
936 1978 1006 2054 vtt.
1031 2005 1068 2076 p.
1086 1983 1170 2052 727.
1205 2003 1271 2050 oo-

178 2097 312 2193 dicem,
335 2125 412 2196 quo
427 2101 599 2176 Possinus
625 2126 709 2177 usus
723 2115 803 2195 cst,
824 2102 1043 2196 Vaticanum.
1062 2099 1164 2188 dixit,
1185 2125 1270 2174 cum
1331 2199 1334 2209 ¹

178 2223 287 2295 fuerit
311 2224 559 2298 Bibliothecae
584 2225 814 2299 Barherinae.
874 2225 906 2298 Is
938 2224 1045 2323 igitur
1069 2224 1163 2298 liber
1187 2249 1272 2298 vere

177 2346 367 2422 Vaticanus
403 2323 443 2422 in
476 2347 677 2441 schedulis,
711 2347 955 2424 aNiebuhr-io
988 2348 1081 2424 mihi
1108 2347 1271 2442 traditis,

177 2472 442 2544 accuratissime
476 2473 529 2544 sic
563 2470 793 2544 describitur:
825 2470 974 2567 „Codex
1005 2473 1272 2570 bombycinus,
1303 2558 1306 2566 ι

175 2595 294 2666 forma
315 2597 493 2690 maxima,
520 2597 618 2668 'soliis
640 2598 747 2690 392,
770 2597 855 2670 satis
879 2597 1060 2672 luculenta
1086 2609 1123 2668 et
1141 2595 1271 2694 grandi

175 2713 584 2812 littera,saecnioXV1.
612 2733 773 2794 exaratus
806 2733 870 2794 est.
920 2721 962 2792 ln
990 2745 1035 2794 eo
1061 2720 1270 2792 continetur

175 2841 301 2916 Annae
328 2840 538 2914 Comnenae
561 2841 699 2916 Alexias
733 2843 839 2915 initio
874 2856 910 2914 et
942 2842 1015 2916 fine
1038 2844 1175 2916 mutila.
1227 2845 1270 2914 In

180 2992 254 3039 uno
280 2991 324 3038 ex
347 2965 444 3039 foliis
480 2967 677 3044 chartaceis
714 2965 880 3062 praefixis
911 2966 1003 3038 haec
1027 2967 1160 3063 scripta
1184 2979 1270 3038 sunt

176 3116 289 3164 manu
313 3071 435 3170 Fulvii'
450 3091 585 3163 Ursini:
609 3087 751 3162 “hnnae
766 3088 974 3162 Comnenae
991 3090 1140 3162 Alexias.
1167 3087 1270 3160 Ἀλε-

176 3209 264 3298 ξιάς.
315 3216 486 3312 Emptum
504 3239 548 3287 ex
571 3214 673 3288 libris
696 3213 887 3288 cardinalis
910 3212 1066 3308 Sirleti’',
1090 3214 1186 3286 tituli
1210 3215 1269 3286 in-

176 3353 269 3436 star,
297 3363 381 3412 nam
399 3363 491 3436 opus
515 3338 636 3436 ipsum
657 3337 867 3435 imperfecte
884 3338 1014 3436 incipit
1035 3336 1132 3409 sotl.
1155 3349 1270 3433 recto,

175 3465 320 3557 μᾶλλον
345 3459 479 3535 τοῦτον
504 3463 713 3545 κατέτλους“
735 3464 824 3552 (sic)
849 3466 996 3534 ἐκεῖνον·
1018 3455 1100 3554 ἅμα
1124 3462 1192 3555 μὲν
1207 3461 1271 3532 καὶ

175 3587 241 3669 τὴν
275 3583 466 3683 ταχίστην
500 3589 675 3658 attachus>
709 3588 798 3678 (sic)
832 3569 1135 3685 προαιρούμενός,
1175 3611 1271 3684 quae

175 3713 286 3784 rerba
310 3711 479 3784 incidunt
503 3713 544 3788 in
564 3713 627 3783 lib.
640 3713 665 3784 Ι.
692 3709 750 3784 ed.
773 3713 857 3809 Reg.
872 3714 979 3784 1651.
1004 3710 1065 3783 sol.
1091 3736 1130 3809 p.
1149 3715 1209 3784 37.
1223 3713 1267 3781 D.

176 3835 317 3908 Desinit
327 3835 389 3907 fol.
404 3838 488 3909 391.
513 3859 638 3908 verso:
665 3836 714 3928 μὴ
739 3834 802 3906 καὶ
828 3835 1103 3934 ἀναγράφοντες
1127 3833 1270 3905 vato-

17 3963 20 4022 }
149 3947 151 3952 ¹
175 3956 270 4054 πηροὶ
294 3959 375 4043 (hic
388 3961 518 4032 lacuna
540 3960 739 4046 indicatur)
764 3954 1102 4070 dputnputvoipehu.
1156 3958 1270 4030 Dein-

178 4105 262 4177 ceps
286 4083 347 4154 sol.
374 4085 459 4156 392.
486 4098 586 4157 recto
609 4085 775 4159 maximis
805 4083 998 4181 rubrisque
1028 4083 1156 4158 litteris
1181 4083 1268 4152 sub-

178 4205 322 4303 scriptio
347 4209 491 4306 legitur:
514 4209 619 4290 τέλος
642 4209 712 4284 ota
729 4205 802 4308 9εῷ
818 4203 887 4284 τοῦ
902 4208 1084 4307 παρόντος
1109 4199 1267 4303 βιβλίου.
