3102 4902
250 294 377 387 mutu
579 307 781 374 tunovrcr
807 306 1007 372 scaenam

252 493 363 567 quam
383 466 510 540 Graeci
536 467 691 564 exempli
713 464 1006 559 similitudinem,
1028 489 1072 536 eo
1098 461 1213 536 luerat
1237 475 1343 559 opta-

162 621 166 628 ·
252 594 336 684 titis,
360 589 463 688 quod
475 587 675 664 alexander
690 588 983 702 Diesterwegius,
1007 585 1208 682 discipulus
1218 612 1341 682 quou-

252 712 477 807 (lammens,
502 737 611 790 suam·
629 713 718 787 mihi
738 737 888 808 operam
914 709 961 783 ad
986 734 1118 784 novam
1144 707 1341 806 parandam

251 839 355 916 ultro·
374 837 556 932 pollicitus
582 848 667 907 erat.
727 835 878 932 Iamque
909 835 1047 906 iuvenis
1073 833 1245 931 egregius,
1271 853 1344 928 qua

253 973 332 1042 erat
354 959 541 1058 diligentia·
564 958 750 1054 animique
784 957 982 1050 alacritate,
1008 956 1246 1040 exantlaverat
1278 952 1345 1026 ali-.

253 1081 742 1181 quantum·laboris,atque
768 1081 878 1154 etiam
907 1079 1104 1158 nonnullos
1124 1079 1238 1171 locos,
1261 1099 1345 1149 eor·

253 1207 475 1313 ruptelarum
498 1207 580 1285 labe
604 1205 781 1300 affectos,
796 1203 924 1276 eadem
942 1217 1059 1300 opera
1083 1200 1131 1274 ad
1145 1201 1344 1274 sanitatem

253 1327 453 1426 redegerat,
478 1351 575 1422 etim,
602 1351 820 1428 eremmors
843 1329 919 1404 eius
933 1327 1137 1418 immatura,
1160 1347 1263 1422 quae.
1277 1322 1345 1396 tri-¹

252 1453 314 1526 stis
341 1465 385 1534 „et
413 1453 546 1550 acerba·
582 1452 693 1528 nobis
733 1450 886 1545 aecidit,
921 1450 1056 1546 incepti
1098 1445 1344 1545 persequendi

253 1587 531 1670 spemomnem
553 1574 690 1650 evertit.
751 1573 877 1670 ltaque
912 1573 989 1670 ipse
1025 1571 1072 1644 de
1097 1573 1239 1670 integro
1266 1595 1345 1644 rem

252 1717 459 1791 aggressae,
494 1695 690 1792 legentium
719 1696 864 1770 utilitati
905 1696 1062 1769 maxime
1094 1696 1343 1768 consulturum

249 1841 310 1890 me
335 1819 529 1913 putabam,
554 1819 610 1912 si,
646 1833 824 1915 quantum
857 1843 878 1892 a
901 1820 1105 1891 temeritate
1137 1842 1180 1890 ae
1200 1815 1344 1888 lascivia

251 1939 450 2014 decessoris
470 1942 543 2014 mei
560 1943 901 2036 abessem,'tantum
920 1943 1171 2016 morositatem
1196 1940 1343 2012 illorum

251 2064 491 2160 interpretum
504 2063 677 2164 lugerem,
703 2066 768 2164 qui
794 2067 940 2164 singulis
953 2062 1236 2142 annumerandis
1260 2058 1342 2136 ver-

252 2190 311 2264 bis
335 2189 448 2261 fidem
482 2201 648 2260 constare
681 2189 888 2284 opinantur.
941 2188 1052 2271 ‘Hane
1073 2181 1342 2282 interpretandi
1405 2173 1418 2184 ”

250 2312 359 2415 viam,
388 2335 483 2408 quae
508 2311 602 2383 inter
626 2309 715 2382 duas
737 2313 892 2384 maxime
908 2311 1065 2384 diversas
1084 2311 1161 2384 sola
1181 2307 1229 2382 ad
1253 2331 1342 2404 pro·

251 2434 414 2506 habilem
434 2432 619 2528 scriptoris
644 2433 840 2529 imaginem
865 2433 1114 2506 ducere'mihi
1139 2429 1344 2521 videbatur,

154 2599 158 2624 t
253 2557 376 2649 omni,
402 2579 474 2651 qua
496 2556 626 2651 potui,
651 2557 854 2628 constantia
883 2569 1008 2628 tenere
1033 2553 1174 2646 studui,
1199 2578 1241 2627 aa
1273 2553 1343 2623 nisi

250 2682 359 2778 plane
371 2679 527 2774 turpiter
551 2679 590 2750 in
610 2679 817 2752 alterutram
841 2664 983 2776 partem
1001 2679 1161 2776 peceavi,
1184 2702 1261 2750 uon
1277 2701 1341 2748 ve·

251 2801 407 2884 rendum
435 2802 525 2895 erit,
550 2804 696 2900 opinor,
711 2829 765 2876 ¹ue
793 2804 902 2902 aequi
927 2803 1092 2896 lectores,
1118 2803 1148 2874 si
1172 2826 1270 2902 quae
1287 2802 1341 2872 le-

251 2930 353 3002 viora
379 2937 495 2998 errata
519 2923 850 3022 deprehenderint,
878 2950 956 3000 nou
980 2924 1226 2998 condonanda
1252 2949 1343 2996 oen-

252 3063 366 3124 seant.
418 3045 586 3132 Ceterum
600 3049 848 3148 Argumenta,
879 3049 1026 3148 singulis
1058 3050 1160 3122 libris
1184 3073 1343 3147 praepo·-

251 3177 339 3269 sita,
364 3195 459 3250 nota
484 3186 521 3246 et
544 3176 624 3272 ipsa
647 3188 741 3251 sunt.
800 3173 971 3247 Libenter
994 3197 1189 3246 servassem
1211 3185 1344 3267 vetera,

255 3301 326 3377 uisi
348 3323 470 3372 rerum
492 3302 538 3373 ab
563 3299 666 3378 Anna
690 3313 915 3373 narratarum
947 3300 1077 3373 seriem
1103 3322 1233 3396 parum
1256 3320 1342 3393 per-

252 3424 377 3526 spicue
404 3422 650 3496 ostenderent.
709 3421 750 3494 In
775 3421 866 3497 meis
897 3419 1093 3517 praecipua
1115 3431 1257 3490 tautum
1282 3417 1342 3488 hi-

252 3547 386 3626 storiae
410 3549 529 3645 capita
554 3546 774 3640 indicantur,
799 3569 914 3642 quae,
939 3568 1015 3641 quo
1031 3541 1262 3616 commodius
1283 3565 1343 3614 re-

252 3671 366 3768 periri
398 3683 570 3767 possent,
601 3670 711 3743 etiam
742 3671 782 3742 iu
809 3681 909 3744 textu
935 3665 1072 3740 Graeco
1100 3665 1260 3743 numeris
1284 3664 1344 3736 di-

253 3791 469 3889 stinguenda
494 3795 625 3866 curavi.

353 3917 380 3988 E
405 3918 548 3990 Possini
571 3917 770 4010 Glossario,
795 3915 899 4013 quod
923 3928 1007 4012 post
1032 3913 1207 4010 Ducangii
1233 3908 1343 3982 Com-

252 4041 473 4132 mentarios,
506 4041 631 4112 nobile
662 4039 752 4112 illud
787 4039 1015 4112 eruditionis¹
1035 4049 1344 4127 monumentum,

254 4187 365 4240 nemo
403 4165 505 4240 laeile
537 4166 717 4260 integrum
756 4163 943 4261 requirat,
969 4162 1114 4236 resectis
1148 4162 1344 4234 verborum
