3102 4902
524 267 528 272 ·
623 234 863 300 PRAEFATIO.
1188 236 1282 298 xux

187 392 276 468 lieri,
297 393 414 473 Regem
445 388 658 452 Baldewiuum
689 413 721 453 so
749 392 829 454 vello
856 391 1018 454 honorare
1037 400 1069 454 ct
1091 413 1205 456 amare.
1247 395 1281 454 lu

192 492 299 554 eadem
323 491 479 574 legatione
509 491 549 552 ab
571 491 763 574 imperatore
784 492 944 554 decretum
965 502 1032 572 est,
1053 501 1089 554 ut
1107 493 1299 576 Episcopus¹

188 594 415 658 dessarcinona
436 615 508 655 eum
531 593 616 675 apud
631 593 805 654 Romanum
825 596 920 656 Pont.
940 595 1131 670 Paschalem,
1154 594 1193 657 de
1212 603 1281 656 tra-

187 696 308 758 ditione
325 694 384 754 sili
407 694 552 777 imposita
573 704 739 756 excusaret
782 693 848 755 Sed
859 695 1072 778 praevaluisse
1091 695 1280 780 suspiciones,

188 816 232 878 cx
251 795 437 880 sequentibus
459 805 599 879 apparel.
642 795 718 856 Car.
739 815 843 856 xuvur.
857 795 1051 877 Eugelradus
1071 803 1174 858 autem
1194 796 1280 858 miles

188 895 314 978 quidam
334 895 367 956 iu
399 894 566 956 Ierusalem
591 903 752 978 repertus,
774 896 955 957 muneribus
974 897 1092 980 maguis
1115 897 1155 956 ab
1174 895 1279 979 lmpc.

188 1005 297 1058 satore
317 994 511 1074 honoratus,
539 995 624 1059 bona
660 995 773 1058 nuncia
801 996 986 1078 reportavit,
1007 1005 1040 1058 et
1059 997 1229 1058 amicitiam
1248 1006 1280 1060 et

187 1096 281 1157 fidem
300 1097 378 1178 Regi
399 1094 579 1158 Baldewino
591 1097 815 1178 Imperatorem
836 1095 914 1158 velle
933 1097 1111 1179 observare,
1132 1106 1165 1160 et
1184 1119 1278 1180 perc.

187 1197 293 1278 grinos
313 1219 377 1257 uou
399 1196 482 1258 ultra
503 1196 672 1260 offendere.
715 1196 775 1259 Sed
789 1197 957 1280 Episcopus
980 1197 1207 1282 aliquantulum
1228 1221 1279 1262 re-

187 1298 268 1358 nisus
290 1306 335 1360 αἱ
356 1297 554 1379 Imperatori,
575 1305 708 1380 propter
730 1297 944 1360 infidelitatem
966 1320 1041 1381 erga
1054 1298 1168 1376 Gallos,
1184 1321 1278 1384 quam

185 1399 225 1460 ab
248 1420 285 1460 eo
306 1398 445 1460 extorsit.
499 1399 704 1481 Quapropter
730 1397 763 1459 iu
797 1398 1003 1461 amaritudine
1034 1399 1128 1460 animi
1147 1400 1277 1462 Romam

186 1499 326 1578 tendens,
347 1499 686 1583 ipsumlrnperutorem
706 1500 886 1563 criminatus
908 1511 953 1564 est
975 1502 1006 1562 io
1032 1503 1158 1564 ecclesia
1177 1503 1276 1564 Bene-

186 1609 340 1677 vestano,
361 1611 393 1662 et
423 1601 496 1664 ideo
525 1602 685 1683 assumptis
708 1601 819 1664 litteris
850 1600 943 1684 ipsius
964 1601 1148 1685 Apostolici,
1169 1605 1276 1687 queri.

185 1701 289 1763 monia
310 1703 413 1786 gravis
440 1700 524 1784 apud
546 1723 652 1764 omues
681 1702 841 1786 Principes
863 1702 980 1766 Galliae
1009 1725 1100 1787 super
1122 1705 1189 1788 ipso
1211 1707 1276 1767 lm·

183 1811 335 1884 peratore
354 1801 437 1864 facta
458 1811 512 1866 est.
