3102 4902
275 343 368 409 thv
595 339 761 406 pavluts
799 337 1041 406 HOFSCHELll

274 553 332 615 que
351 527 510 613 Principes
530 527 673 608 indulget.
689 527 839 590 Cordatsu
860 527 954 589 lector
974 528 1132 588 historiam
1151 529 1215 588 suis
1235 548 1369 591 momen·

242 637 244 642 '
275 632 325 706 tis,
345 629 579 691 nonAnetornm
599 625 761 709 affectibus
778 625 947 709 ponderet.-
980 627 1121 692 Tacitum
1140 641 1169 689 et
1190 628 1367 690 Suetonium

275 729 420 790 aduersus
435 729 582 790 Cliristum
596 741 626 788 et
640 727 828 789 Christianos
844 727 979 803 iniurias,
996 728 1132 788 manibus
1146 741 1243 790 tarsen
1264 732 1368 790 excuti

277 849 337 890 non
359 830 507 913 patimur.
550 828 617 908 Quo
639 824 749 887 ordine
771 826 861 909 apud
875 829 1055 911 posteriores
1080 827 1214 888 Graecos
1235 830 1371 890 Romani

275 947 392 1004 omnes,
413 928 542 998 scimus;
560 926 653 988 Anno
670 939 825 1010 praeterea
842 927 990 1010 proprias
1002 947 1035 987 se
1051 926 1117 987 odii
1136 949 1239 988 caenas
1259 929 1370 990 habere

275 1027 486 1102 existimabat,
519 1023 602 1109 quood
624 1026 789 1106 Gregorius
809 1027 956 1106 Pontffeae
984 1027 1162 1088 acerrimum
1183 1028 1298 1088 Aleon·
1314 1030 1369 1087 lio·

274 1139 348 1186 stem
359 1126 520 1187 liebertum
534 1125 747 1202 Guiscardum,
763 1139 886 1210 patrem
898 1126 1074 1203 Boemundi,
1095 1147 1181 1209 quem
1201 1127 1258 1186 illa
1277 1128 1368 1186 etiam

194 1294 197 1310 .
275 1223 404 1306 mirifice
424 1226 588 1286 insectatur
605 1239 634 1288 et
664 1226 811 1307 exagitat,
836 1227 868 1287 in
889 1227 1054 1286 amicitiam
1087 1238 1243 1308 receperat.
1286 1227 1368 1286 Ber.

276 1325 374 1386 toldus
397 1321 626 1390 Constantiensis
654 1347 734 1388 anno
759 1323 846 1390 1084.
875 1327 946 1386 lsuec
965 1325 1058 1386 babet.
1101 1325 1155 1384 His
1175 1325 1370 1406 temporibus

277 1424 639 1506 constantinopolitanus
661 1425 823 1485 maximam
850 1426 1014 1508 pecuniam
1034 1425 1184 1486 Heinrico
1207 1423 1368 1507 quondam

274 1525 352 1608 Regi
375 1526 549 1601 transmisit,
572 1537 607 1586 ut
619 1525 835 1588 Ruodbertum
850 1525 1061 1601 Wiseardnm,
1083 1525 1193 1586 ducem
1206 1525 1368 1586 Calabriae

275 1633 308 1686 et
330 1625 481 1706 Apuliae,
503 1626 703 1686 coniuratum
722 1625 854 1687 militem
875 1623 991 1686 domini
1015 1625 1138 1704 Papae,
1159 1624 1191 1686 in
1213 1623 1368 1686 ultionem

274 1722 409 1786 eiusdem
425 1724 514 1808 Regis
535 1725 617 1788 bello
639 1734 812 1808 appeteret.
855 1725 931 1786 Nam
944 1723 1144 1818 Rpodbertus
1165 1724 1225 1786 iam
1248 1724 1367 1788 (ludum

273 1825 348 1888 fines
374 1825 796 1908 constantinopolitanorum
826 1825 952 1902 invasit,
981 1826 1159 1907 iterumque
1178 1824 1254 1886 illud
1274 1847 1367 1908 expe.

273 1922 423 1986 ditionem
440 1946 567 1986 movere
584 1925 751 2008 disposuit:
771 1925 825 1987 sed
838 1925 1000 1988 Heinricus
1016 1932 1171 2014 acceptam
1193 1926 1368 2006 pecuniam,

273 2045 336 2085 non
370 2025 403 2085 in
429 2025 626 2106 procinctum
664 2035 776 2087 contra
805 2025 1043 2104 Ruodbertum,
1072 2023 1159 2109 quod
1190 2025 1367 2088 iuramento

272 2125 439 2206 promisit,
460 2126 513 2186 sed
535 2125 576 2188 ad
596 2125 826 2187 conciliandum
858 2125 915 2187 sibi
938 2124 1045 2209 vulgus
1067 2127 1284 2188 Romanorum
1307 2127 1367 2186 im-

272 2223 392 2307 pendit.
436 2223 513 2286 Cum
548 2225 668 2288 Urbano
695 2227 805 2288 deinde
832 2225 925 2288 Ponti
952 2248 984 2288 ce
1010 2227 1144 2290 Alexins
1170 2227 1210 2288 ‘in
1237 2229 1367 2308 gratiam

272 2326 365 2385 rediit
383 2346 462 2386 anno
487 2323 575 2388 1089.
599 2340 632 2388 ut
660 2325 739 2386 idem
766 2326 924 2388 Bertoldus
943 2327 1039 2388 babet.
1094 2329 1247 2388 Dominus
1279 2327 1365 2409 Papa

274 2423 651 2506 constantinopolitanum
682 2425 720 2486 ab
745 2413 1064 2487 excommunicationis
1079 2445 1138 2510 per
1159 2427 1275 2512 legatos
1294 2447 1366 2490 suos

273 2523 416 2586 absolvit.
462 2526 544 2606 (lain
565 2547 606 2586 ese
620 2525 773 2586 Casineusi
792 2527 895 2586 ebron.
919 2520 949 2586 4.
970 2548 995 2586 c.
1017 2519 1070 2587 48.
1093 2527 1278 2608 colligimus,
1300 2549 1366 2588 eune

267 2625 453 2708 postmodum
478 2623 647 2684 Occidentis
667 2623 830 2710 Imperium
849 2648 870 2687 a
891 2625 1033 2686 Pascbali
1053 2621 1141 2688 Pont.
1166 2647 1291 2710 sperare
1311 2651 1368 2689 au-

271 2745 344 2784 sum.
387 2723 508 2784 Alesios
531 2724 706 2804 imperator
733 2725 959 2786 strenuissimos
987 2747 1023 2787 ex
1051 2748 1107 2788 suo
1129 2726 1267 2809 imperio
1283 2727 1366 2790 viros

272 2824 405 2885 Romam
425 2845 495 2884 cum
517 2823 577 2886 suis
601 2824 708 2885 litteris
731 2825 829 2903 misit,
852 2825 963 2908 quibus
984 2848 1015 2887 se
1036 2826 1181 2888 iniuriam
1201 2827 1240 2888 ab
1256 2827 1369 2912 'Impe-

279 2931 388 2984 ratore
410 2922 525 2984 illatam
546 2923 691 2984 Pontifici
722 2935 817 3007 atque
839 2922 1003 3003 Romanis,
1025 2924 1168 2988 dolenter
1186 2927 1305 2988 audisse
1324 2927 1368 2987 si-

270 3025 436 3106 gnificans,
467 3025 578 3108 agebat
605 3025 807 3105 postmodum
828 3026 959 3108 gratias,
979 3047 1093 3110 eosque
1114 3028 1262 3088 laudabat
1283 3022 1369 3108 quod

269 3123 405 3186 viriliter
438 3124 481 3184 illi
517 3124 718 3186 obstitissent.
767 3129 869 3208 Atque
900 3126 943 3187 ob
973 3127 1022 3208 id,
1049 3127 1074 3187 si
1107 3127 1231 3188 illorum
1250 3127 1387 3186 animos

269 3233 396 3306 paratos
417 3234 641 3308 promptosque
662 3226 800 3287 sensisset
816 3232 862 3301 (ut
881 3225 939 3286 sibi
962 3227 1023 3286 iam
1044 3225 1163 3288 dudum
1184 3227 1368 3288 nunciatum

271 3325 386 3397 fuerat)
410 3323 489 3387 velle
511 3325 560 3386 vel
581 3346 622 3404 se,
644 3326 693 3386 vel
716 3329 863 3388 loannem
883 3347 981 3402 suum,
1004 3328 1086 3386 iuxta
1108 3349 1227 3388 morem
1246 3327 1366 3408 prisco-

270 3446 342 3485 rum
365 3423 503 3485 fidelium
524 3425 769 3509 Imperatorum,
793 3447 943 3487 asummo
961 3425 1114 3488 Pontifice
1133 3429 1251 3488 Romae
1271 3447 1367 3490 coro-

274 3546 344 3585 nam
367 3524 494 3606 lmperii
514 3544 645 3587 sumere.
688 3526 805 3588 Verum
825 3507 860 3588 eo
880 3524 1062 3604 redeamus5
1090 3541 1122 3590 ut
1142 3527 1258 3590 Annae
1265 3526 1367 3613 fidem

268 3625 301 3685 in
323 3628 371 3702 iis,
392 3649 468 3710 quae
488 3641 596 3689 contra
616 3639 735 3688 nostros
758 3631 872 3712 scripta
901 3627 1032 3711 reliquit,
1056 3641 1219 3709 praestare
1239 3647 1299 3688 non
1319 3627 1367 3685 lu·

270 3725 327 3803 bet,
352 3728 399 3790 ita
419 3740 449 3789 et
470 3748 599 3808 eornm,
627 3748 708 3810 quae
728 3729 826 3790 nostri
844 3727 998 3790 aduersus
1018 3727 1166 3788 Aletrium
1184 3727 1278 3809 pleno
1296 3726 1367 3784 lior-

267 3845 318 3885 reo
339 3828 476 3887 remensi
492 3841 570 3901 snut,
593 3829 813 3889 auctoritatem
834 3829 1026 3909 defugimus.-
1050 3847 1122 3888 nam
1136 3827 1264 3905 largiter
1284 3817 1389 3884 bauo

267 3921 438 3986 Conmenae
461 3928 585 3990 rettulere
615 3929 755 4012 gratiam,
785 3928 867 4012 quod
883 3929 1034 4013 sequentia
1055 3927 1170 4012 aliquot
1189 3925 1257 3985 loca
1277 3923 1366 3986 dooe-

267 4023 346 4104 bunt,
370 4026 490 4119 longum
509 4029 605 4090 vuum
625 4030 727 4090 omnia
747 4029 925 4092 exscribere.

673 4203 960 4220 W
