3102 4902
225 343 296 406 XlV
557 335 756 401 LUDOVlCl
788 335 988 402 scitorum

231 497 335 570 omni
359 495 531 566 vitiorum
556 519 689 592 genere
715 494 1027 592 depravatissimo,
1048 493 1095 567 dc
1121 496 1236 566 totius
1258 519 1322 568 co-

229 621 321 694 dicis
336 619 467 691 virtute
489 615 666 690 iudicium
692 619 854 714 iniquius
878 617 980 711 ierat,
1005 617 1232 690 monendum
1259 631 1325 714 est,

231 741 415 843 quidquid
441 739 614 838 deinceps
641 741 900 842 Apographum
940 741 1027 813 inde
1053 743 1185 836 habet,
1211 743 1326 814 multo

231 868 351 940 sanius
377 889 473 958 esse,
499 889 568 937 nec
589 865 744 937 similem
774 889 928 962 usquam
956 867 1241 963 corruptelarum
1268 867 1327 937 ni-

233 992 360 1063 dulum
386 990 551 1062 inveniri.
605 989 768 1061 Omnino
795 991 1000 1087 exemplum
1014 988 1105 1062 illud
1130 1014 1213 1062 cum
1226 987 1329 1060 Cois-

234 1115 388 1206 liniano,
414 1125 592 1207 quantum
620 1135 662 1182 ex
675 1109 895 1209 Apographo
923 1113 1106 1186 coniicere
1131 1115 1229 1208 licet,
1250 1139 1330 1186 ma-

235 1239 370 1310 ximam
396 1232 672 1306 similitudinem
707 1233 857 1328 habuit,
888 1247 930 1306 ut
953 1235 1105 1306 alterum
1141 1259 1184 1306 ex
1217 1238 1331 1307 altero

235 1361 491 1455 transcriptum
533 1371 722 1454 putarem,
764 1357 833 1430 nisi
865 1358 1141 1430 Holstenianum
1175 1359 1215 1429 in
1247 1359 1335 1455 ipsis

238 1486 327 1579 illis,
349 1481 717 1582 quaeCoislinianum
743 1483 884 1580 egregia
902 1483 1016 1577 affert,
1041 1483 1079 1554 in
1103 1480 1332 1577 reliquorum

239 1607 537 1705 depravationem
571 1603 664 1674 mira
700 1605 903 1676 constantia
945 1601 1159 1676 discederet.
1226 1601 1335 1674 Liber

238 1729 386 1800 ultimus
410 1729 449 1799 in
475 1725 697 1822 Apographo
733 1725 783 1797 ita
818 1723 968 1800 desinit:
1001 1723 1050 1818 μὴ
1085 1723 1148 1794 καὶ
1170 1723 1336 1822 α’ναγρά-

239 1861 372 1952 φοντες
396 1850 447 1921 τὰ
472 1849 616 1945 λυπηρὰ
641 1845 979 1948 ἐμπικραινοίμεὲῑα.
1040 1847 1183 1942 Quibus
1218 1849 1338 1919 verbis

241 1974 445 2046 Gronovius
470 1985 598 2069 postea
624 1976 729 2057 (nam
762 1995 891 2044 manus
917 1973 975 2042 ab*
1000 1995 1064 2065 ca,
1089 1997 1163 2068 qua
1187 1995 1338 2069 praece-

241 2097 366 2168 dentia
386 2096 540 2192 scripsit,
567 2093 768 2166 admodum
792 2093 1005 2192 discrepat,)
1032 2096 1338 2194 subscriptionem

244 2218 388 2294 addidit
422 2220 480 2292 his
505 2219 642 2291 verbis:

155 2315 160 2336 ¹
541 2329 699 2433 Εῤῥίκου
732 2337 802 2402 τοῦ
827 2330 1042 2427 Δορμαλίου

392 2454 507 2542 Λῆξεν
530 2452 623 2528 ὅπου
644 2455 788 2554 βιότοιο
814 2452 961 2540 Αλέξιος
987 2458 1008 2525 ὁ
1033 2455 1219 2548 Κομνηνὸς

443 2584 549 2655 Ecca
575 2582 668 2662 καλὴ
690 2581 855 2676 θυγάτηρ
881 2577 983 2664 λῆξεν
1008 2576 1216 2666 Αλεξιάδης.

245 2707 401 2784 Eosdem
425 2729 547 2780 vorsus
573 2703 686 2776 editio
713 2703 874 2774 Parisino
896 2702 1054 2774 exhibet.
1106 2701 1342 2800 Quamquam

247 2835 299 2906 ibi
326 2833 458 2904 rectius
483 2831 523 2903 in
561 2841 721 2900 extremo
753 2819 950 2922 Aleieddor
974 2827 1120 2924 legitur,
1152 2851 1221 2898 nec
1246 2827 1345 2898 llcn-

246 2959 312 3030 rici
339 2955 516 3030 Dormalii
538 2951 678 3026 mentio
703 2949 763 3043 lit,
785 2975 897 3046 quem
923 2948 1090 3022 codicem
1113 2949 1345 3049 descripsisse

248 3082 424 3179 suspicor.
475 3079 551 3152 lam
575 3075 721 3148 veroin
745 3073 842 3146 calce
858 3072 1068 3171 Apograpbi
1095 3089 1253 3171 quatuor
1278 3077 1346 3146 ha·

249 3204 382 3274 bentur
423 3195 672 3296 appendices,
706 3217 727 3264 a
757 3191 943 3266 Gronovio
977 3194 1105 3268 itidem
1143 3201 1346 3273 recentiore

250 3349 361 3398 mauu
401 3335 576 3394 exaratae.
637 3317 802 3409 Quarum
838 3317 990 3414 quidem
1024 3323 1144 3418 prima
1183 3322 1349 3394 continet

251 3452 505 3546 Fragmentum
537 3445 621 3517 libri
648 3443 735 3518 Xlll.
777 3440 914 3538 pecu.
937 3443 978 3516 Α.
1007 3483 1053 3496 -
1080 3446 1242 3541 taut,
1270 3471 1350 3530 uno,

251 3571 340 3643 lolio
383 3581 571 3662 constans,
609 3565 712 3663 quod
755 3589 797 3636 ex
823 3564 987 3639 Mediceo
1029 3566 1158 3640 codice
1197 3569 1345 3641 desum-

251 3709 331 3768 tum
357 3691 518 3786 videtur,
556 3692 671 3789 idque
700 3715 781 3762 eam
814 3690 864 3762 oh
897 3713 1064 3785 causam,
1098 3693 1185 3789 quia
1206 3692 1349 3763 Holste-

253 3820 384 3890 nianus
414 3815 467 3888 ibi
500 3815 692 3886 lacuuosus
728 3825 823 3907 erat,
844 3827 886 3884 ut
920 3837 963 3884 ex
993 3812 1215 3911 Apographo
1237 3825 1348 3907 patet.
1397 3833 1406 3848 ⁸

252 3941 331 4014 lloc
356 3953 478 4013 autem
511 3938 764 4034 Fragmentum
792 3935 924 4033 excipit
949 3936 1117 4032 Epitome
1150 3935 1235 4006 libri
1255 3934 1348 4026 Xll.,

255 4089 350 4161 quae
385 4063 558 4159 inscripta
598 4073 667 4132 est:
703 4057 917 4132 ΑΔΕΞΙΑΟ
949 4055 1231 4130 ΔΩΔΕΚΑΤΗ.
1291 4059 1351 4131 Sic

255 4190 401 4286 incipit:
426 4187 484 4260 Τὰ
504 4191 571 4280 μὲν
599 4179 664 4258 οὖν
685 4180 747 4267 τῆς
776 4182 916 4280 πρώτης
949 4175 1238 4283 διαπεραιώσεως
1266 4176 1352 4280 ἔργα
