3102 4902
269 350 368 414 xxvl
456 441 461 469 „
600 349 800 417 LUDOVICI
828 349 1030 418 SCHOPENI

272 493 360 566 alibi
380 491 557 592 loquitur,
580 494 731 568 velutin
743 494 893 568 Praelat.
906 518 942 592 p.
959 491 997 589 4,
1011 499 1069 568 13.
1095 485 1153 562 δεῖ
1175 489 1243 590 γὰρ
1267 485 1367 590 ἐξορ-

269 621 432 714 χεῖσθαι
464 621 590 688 ταῦτα
597 669 609 706 ,
640 615 701 688 καὶ
734 620 777 688 οὐ
807 611 1093 715 περιαυτολογία
1121 612 1168 686 τὸ
1201 618 1364 712 πρᾶγμα.

270 740 351 814 vid.
378 739 560 814 Schaefor.
590 739 639 814 ad
668 739 785 838 Apoll.
811 737 932 813 Rhod.
962 740 1002 813 Τ.
1021 738 1126 837 lep.
1145 741 1230 814 218.
1281 737 1365 812 Mox

269 863 293 937 l.
312 872 368 935 11.
393 877 491 936 recte
522 861 561 934 Α.
595 864 747 961 ἐκεῖθεν,
803 863 973 936 Formula
1002 861 1129 936 Annae
1159 861 1305 935 usitataz
1329 887 1367 958 p.

272 989 426 1081 renio.
453 989 539 1082 366,
554 992 588 1061 3.
618 1000 671 1082 er,
704 989 839 1062 omisso
866 981 990 1082 loen,
1016 989 1176 1066 ormo.
1203 981 1365 1080 111,13.

269 1104 431 1204 430,10.
500 1107 570 1205 40,
582 1112 617 1186 6.
643 1112 768 1184 malim
780 1105 1001 1208 Βαρδάριον,
1026 1108 1130 1208 quod
1146 1108 1188 1184 l.
1203 1111 1367 1207 praebet.

269 1231 350 1306 vid.
379 1232 500 1307 Talelz'
519 1236 608 1310 Mus.
642 1236 757 1308 Rhen.
775 1236 817 1309 .v.
836 1242 871 1310 2.
904 1261 941 1333 p.
959 1238 1040 1310 185.
1117 1229 1259 1328 41,13.
1287 1239 1366 1316 τοῖς

270 1367 355 1428 ante
378 1357 493 1427 ἐκεῖθι
526 1383 605 1434 non
635 1358 843 1456 delendum.
919 1353 1056 1452 42,16.
1090 1356 1211 1453 placet
1238 1356 1367 1430 oonie-

270 1492 373 1552 otura
395 1477 438 1551 G.
465 1478 671 1578 Dindmffi,
693 1482 736 1556 in
758 1481 863 1554 Thes.
889 1479 1015 1578 steph.
1036 1477 1173 1556 .vol.11.
1199 1502 1238 1574 p.
1256 1479 1364 1550 1516.

268 1627 337 1700 pro
365 1593 504 1674 διώκλα
528 1603 719 1676 scribentis
743 1599 933 1692 διώκλαξε.
1007 1597 1070 1697 45,
1083 1607 1118 1675 2.
1142 1615 1226 1676 ante
1251 1599 1368 1694 μέσον

273 1725 448 1823 excidisse
480 1726 625 1801 videtur
654 1730 714 1810 εἰς.
776 1730 817 1802 ln
835 1747 925 1828 sqq.
959 1731 1066 1802 111.
1101 1725 1368 1802 restituendum

270 1862 324 1920 est
344 1843 575 1946 διηγήσομαι.
627 1852 769 1928 Ibidem
794 1855 817 1926 l.
834 1857 892 1928 16.
909 1879 978 1953 pro
997 1847 1060 1928 ἕνα
1077 1853 1174 1928 bene
1197 1850 1237 1926 Α.
1264 1843 1369 1944 εἶναι.

268 1965 402 2061 4913.
427 1997 497 2069 pro
531 1973 664 2048 vitioso
687 1981 767 2058 τοῖς
789 1975 879 2074 πρὸς
910 1978 1004 2068 ἡμᾶς
1026 1974 1185 2050 emendo
1210 1973 1257 2046 τὸ
1278 1972 1369 2069 πρὸς

269 2096 399 2188 ἡμᾶς..
453 2098 585 2190 51,11.
612 2091 772 2194 ἄγεσθαι
797 2098 1014 2173 mutandum
1033 2123 1167 2172 censeo
1189 2100 1229 2172 in
1254 2091 1370 2194 ἄρχε-

272 2219 381 2289 σθαι.
460 2218 647 2317 59,14.γε
667 2222 749 2297 dele
771 2249 854 2297 oum
870 2223 909 2296 Α.
985 2229 1096 2320 31,1.
1113 2225 1277 2321 recipere
1302 2221 1370 2296 de-

269 2341 407 2434 bebam
439 2344 581 2437 τούτῳ,
616 2344 720 2442 quod
753 2347 792 2418 in
826 2349 861 2417 F.
894 2349 1032 2444 legitur.
1089 2348 1229 2444 Nempe
1254 2345 1371 2418 inter

268 2463 443 2562 punctio,
468 2489 542 2560 qua
565 2466 667 2538 locus
687 2459 850 2560 laborat,
872 2467 1146 2565 imprudentem
1172 2491 1233 2541 me
1260 2464 1371 2538 dece·
1389 2485 1398 2538 ,·

268 2587 336 2684 pit.
362 2585 415 2656 lta‘
436 2585 649 2659 scribendus
680 2601 751 2662 est:
784 2584 872 2662 οὐδὲ
904 2583 968 2659 διὰ
990 2590 1057 2670 τὴν
1082 2587 1372 2687 ὑποτρέχουοαν

269 2703 455 2799 ὑποψίαν,
478 2701 540 2777 ὅτι
564 2711 687 2808 πατήρ
711 2713 811 2796 ἐστι,
838 2710 920 2810 περὶ
946 2705 990 2784 οὗ
1016 2711 1295 2810 σογγράφομεν,
1319 2709 1372 2782 τὰ

269 2819 551 2931 κατορθώματα
574 2834 696 2930 τούτῳ
715 2831 1080 2936 παραδραμούμεθα.
1107 2837 1149 2910 ln
1167 2861 1273 2934 seqq.
1298 2837 1371 2910 13.

238 2959 243 2968 ’
269 2973 369 3034 reete
396 2956 497 3031 idom
529 2960 565 3034 F.
590 2961 746 3044 ταύτην.
773 2963 901 3036 Totam
927 2975 1048 3036 autem
1074 2961 1293 3034 sententiam
1318 2960 1372 3034 sio

272 3083 407 3155 scribe:
434 3079 517 3176 ἐμοὶ
538 3082 607 3182 γὰρ
628 3086 936 3187 ταύτηνέχούσῃ
961 3083 1112 3175 σκοπόν,
1139 3079 1279 3158 ἄνωθεν
1303 3109 1372 3156 κα-

272 3205 393 3308 θάπερ
418 3207 608 3310 πολλάκιςΙ
629 3214 779 3309 εἴρηται.
855 3213 917 3306 96,
932 3217 967 3286 3.
1001 3236 1044 3284 ex
1079 3209 1118 3282 Α.
1141 3211 1209 3305 μὲν
1245 3209 1371 3282 ascisci

275 3331 450 3426 oponuit.
502 3332 582 3406 Vid.
607 3331 759 3432 Niceph.
773 3335 977 3432 Bryennll.
1000 3330 1193 3431 Ρ.94,16.”
1261 3335 1324 3428 98,
1335 3335 1369 3406 5.

273 3454 413 3552 corrige
445 3459 493 3555 τῇ
515 3451 556 3528 δέ
582 3451 662 3550 μετ’
687 3455 826 3545 αὐτὴν,
864 3481 907 3530 ex
926 3455 1106 3530 constanti
1132 3454 1258 3528 Annae
1283 3479 1370 3529 usu:

271 3603 308 3675 p.
325 3579 411 3671 116,
427 3580 467 3652 5..
494 3574 659 3673 340,14.
693 3575 782 3674 400,
795 3581 829 3652 5.
861 3575 1023 3674 419,12.
1049 3574 1137 3673 439,
1148 3583 1208 3652 20.
1286 3581 1372 3672 103,

276 3704 332 3772 13.
358 3726 427 3797 pro
441 3694 714 3803 ἀ’φροντηοίαν
727 3701 963 3776 scribendum
990 3714 1043 3774 est
1066 3726 1152 3774 oum
1167 3703 1205 3772 A.
1229 3699 1372 3799 α’φρον-

274 3819 418 3920 violer,
438 3839 480 3898 ut
494 3852 529 3923 p.
546 3829 630 3921 139,
639 3823 673 3898 4.
702 3831 786 3921 181,
805 3831 861 3900 18.
911 3824 991 3900 Vid.
1006 3825 1166 3898 Lobeoln
1176 3823 1224 3898 ad
1236 3825 1370 3922 Phryn.

273 3973 312 4046 p·
327 3953 412 4022 510.
492 3951 651 4044 106,10.
678 3953 810 4031 ἐκεῖνος
835 3945 876 4021 δὲ
894 3956 974 4029 τοῖς
990 3951 1063 4019 τῶν
1081 3951 1255 4043 μοναχῶν
1278 3949 1372 4018 ὑπο-

276 4068 409 4166 ζυγίοις
435 4067 631 4159 ἑπειοάξας
661 4072 713 4146 τὰ
742 4075 889 4146 ἑαυτοῦ.
952 4070 1061 4147 Nihili
1088 4084 1142 4144 est
1165 4065 1370 4156 ἕπεισάξας.

277 4192 440 4297 Corrigo:
464 4191 653 4282 ἐπισάξας.
732 4204 817 4292 111,
831 4199 887 4272 18.
914 4195 1139 4271 coniunctim
1164 4194 1283 4270 scribo
1306 4215 1372 4264 κα-
