3102 4902
237 313 310 376 Vlll
391 366 395 373 .
435 313 439 320 '
553 309 751 376 LUDOVlCl
787 307 989 374 senorum

158 479 165 494 ·
240 455 288 525 cii
320 453 455 547 luerat,
486 477 645 550 cumque
679 477 722 522 ex
756 452 833 524 eius
867 453 1084 546 collatione,
1117 469 1159 526 ut
1190 457 1267 552 ipse
1299 461 1338 530 in

132 640 142 659 ‚
240 578 391 649 Praelat.
410 576 458 649 ad
474 577 624 672 Niceph.
643 576 799 684 Brypnn.
827 601 861 672 p.
874 575 944 680 XV:
960 575 1018 647 ed.
1032 579 1147 649 Bonn.
1174 581 1236 675 ait,
1260 607 1338 654 non

241 699 356 772 modo
377 701 527 772 lacunas
560 701 644 772 libri
677 702 732 772 sui
758 699 847 770 editi
872 701 1073 796 supplesset
1099 727 1246 797 omnes,
1273 704 1338 776 sed

241 823 402 903 diversas
428 849 579 921 quoque
605 825 780 896 lectiones
811 822 914 894 facile
938 825 995 895 bis
1021 825 1119 896 mille
1145 841 1337 922 enotasset,

146 960 153 975 '
241 947 339 1018 hanc
364 949 525 1020 criticam
551 948 742 1019 materiem
765 948 803 1018 in
816 947 1126 1046 Notis,.singulari
1151 951 1337 1023 volumine

242 1072 407 1167 edendis,
432 1070 641 1146 additurum
667 1095 705 1142 se
724 1095 800 1142 esse
826 1070 1007 1168 pollicitus
1032 1085 1096 1143 est.
1112 1072 1200 1145 'Sed
1223 1073 1337 1145 fidem

242 1221 321 1268 non
353 1196 480 1292 solvit,
518 1219 588 1268 nec
620 1193 833 1268 adversariis
866 1196 943 1268 eius
977 1195 1070 1294 quid
1102 1196 1236 1270 facturn
1269 1199 1336 1293 sit,
1363 1177 1367 1188 „

241 1319 357 1416 magis
381 1317 497 1390 hodie
520 1318 729 1418 ignoratur,
762 1343 874 1415 quam
901 1343 976 1416 quo
999 1318 1116 1393 codex
1138 1320 1337 1392 Tolosanus
1420 1314 1426 1322 ’

242 1442 321 1540 ipse
346 1441 561 1538 pervenerit
609 1441 694 1514 Mox
717 1442 756 1513 in
780 1441 1025 1538 provinciam,
1049 1467 1070 1516 a
1091 1444 1243 1516 Possino
1270 1443 1341 1518 de-.

244 1579 399 1660 sertam,
429 1566 599 1638 successit
632 1565 782 1663 quidem
806 1563 953 1638 Carolus
978 1567 1204 1664 Ducangius,
1228 1568 1336 1664 longe

245 1691 434 1785 omnium,
460 1691 525 1788 qui
550 1691 609 1764 his
630 1690 759 1762 litteris
785 1714 935 1786 operam
956 1704 1143 1784 naverunt,
1168 1715 1252 1762 mco
1279 1692 1336 1763 iu-

247 1811 364 1908 dicio,
389 1816 578 1912 princepsa
604 1815 682 1912 qui,
707 1815 735 1885 si
758 1827 859 1885 tanta
880 1838 965 1886 cura
986 1815 1197 1911 ingeniique
1222 1814 1336 1886 felici-

243 1949 317 2010 tate
342 1939 382 2011 in
406 1941 638 2036 castigatione
659 1939 855 2010 verborum
882 1938 1111 2032 elaborasset,
1137 1951 1274 2034 quanta
1295 1938 1334 2008 in

244 2065 355 2134 rebus
382 2061 603 2162 explicandis
622 2077 780 2136 versatus
799 2076 872 2156 est,
896 2061 988 2134 nihil
1012 2059 1214 2132 admodum
1240 2060 1336 2153 aliis,

246 2187 354 2283 quod
380 2200 539 2284 agerent,
562 2187 751 2260 relicturus
770 2187 878 2258 fuisse
895 2184 1087 2258 videretur.
1136 2184 1270 2256 Verum
1296 2184 1362 2278 is„

246 2312 321 2382 sive
346 2312 595 2384 instrumentis
619 2310 668 2384 ad
694 2337 775 2384 eam
799 2335 878 2385 rem
901 2309 1112 2382 necessariis
1127 2307 1337 2402 destitutus,

173 2523 182 2552 ι
246 2437 321 2510 sive
344 2439 453 2536 etiam
485 2436 590 2536 quod
609 2437 760 2510 omnino
793 2436 961 2510 acritica
992 2437 1181 2512 severitate
1213 2437 1336 2532 paullo
1432 2439 1435 2448 ’

248 2561 404 2637 alienior
438 2574 533 2657 mat,
563 2574 681 2634 textus
710 2559 1005 2634 emendationem
1031 2557 1124 2631 adeo
1150 2584 1228 2629 non
1254 2573 1338 2630 ten-

246 2684 354 2778 tavit,
379 2699 421 2756 ut
444 2685 483 2756 in
509 2687 639 2782 amplis
663 2685 732 2756 illis
755 2697 792 2756 et
821 2682 1022 2782 magnificis
1055 2681 1244 2754 doctrinae
1277 2707 1339 2753 ex-

249 2809 505 2903 quisitissimae
529 2810 666 2906 copiis,
693 2831 785 2906 quas
817 2807 865 2882 ad
895 2788 1103 2879 Aleriadem
1137 2804 1339 2878 ornandam

249 2928 426 3004 Cinnamo
463 2958 529 3005 suo
567 2933 770 3026 subiunxit,
793 2932 853 3003 rix
883 2929 1011 3002 decem
1040 2930 1142 3003 locos
1158 2930 1339 3026 reperias,

248 3054 288 3126 in
312 3057 446 3153 quibus
472 3057 586 3130 critici
609 3081 761 3130 munere
785 3055 963 3153 fungatur.

348 3181 400 3252 lta
426 3205 509 3252 cum
533 3194 652 3252 totum
678 3179 893 3252 recensendi
919 3179 1105 3277 negotium
1140 3180 1231 3250 mihi
1253 3181 1338 3251 reli-

247 3315 347 3374 ctum
373 3318 466 3377 esset
490 3305 688 3402 integrum,
719 3317 803 3376 ante
827 3305 951 3377 omnia
975 3304 1153 3375 librorum
1179 3301 1338 3385 subsidia

244 3406 525 3524 circumspicere
550 3429 656 3524 coepi
663 3479 675 3521 ,
700 3428 834 3524 quibus
854 3441 992 3499 textum
1018 3453 1038 3501 a
1062 3428 1225 3520 maculis,
1249 3451 1339 3523 quas

249 3573 291 3620 ex
314 3551 460 3622 diutino
493 3553 564 3624 situ
595 3554 725 3624 multas
756 3552 945 3648 uariasque
978 3553 1103 3647 traxit,
1133 3575 1336 3648 purgarem.

247 3669 314 3743 Cui
345 3673 548 3769 desiderio,
583 3701 658 3772 quo
695 3675 816 3747 minus
850 3699 918 3771 per
952 3674 1130 3746 Alexiadis
1167 3672 1338 3745 codicum

247 3798 466 3892 parreitatem
500 3823 646 3896 sperare
681 3799 799 3892 licuit,
832 3799 909 3870 lore
940 3810 982 3868 ut
1016 3797 1138 3895 aliqua
1168 3805 1337 3891 exparte

168 3938 174 3951 ·
246 3920 477 4008 satisfieret,
502 3947 546 3993 eo
572 3923 706 4020 gratius
731 3921 883 4015 accidit,
913 3935 957 4002 ut,
994 3922 1155 3993 criticam
1181 3917 1337 4014 supelle-

245 4043 366 4132 ctilem
397 4047 637 4139 nanciscerer,
664 4070 758 4142 quae
773 4044 821 4116 ad
848 4046 977 4128 iustam
1004 4042 1218 4135 editionem,
1243 4063 1336 4137 qua-

245 4165 317 4237 lem
342 4163 559 4264 meditabar,
583 4146 775 4271 sdllec'tura
799 4167 993 4240 videretur.
