3102 4902
648 319 889 386 salmurio.
1260 324 1309 388 lx

318 462 370 536 bc
393 465 552 560 primum
574 461 727 560 quidem
749 462 886 538 codicis
909 461 1119 538 Coisliniani
1140 460 1311 539 lectioni·

219 589 288 660 bus
312 611 396 660 usus
420 613 514 681 sum,
540 613 630 684 quas
647 587 936 661 Montlauconius
961 589 1001 658 in
1017 588 1191 662 Biblioth.
1208 587 1310 662 Cois-

218 713 281 786 lin,
302 709 471 808 Cetalogo
500 736 536 809 p.
563 713 647 784 sm.
662 735 746 808 sqq.
772 709 948 809 prodidit.
975 709 1121 807 Codex,
1149 726 1191 786 ut
1211 711 1310 786 idem

217 831 353 931 p-ltssb.
372 833 493 928 docet,
517 835 816 906 membranaceus
839 848 904 930 est,
930 833 1002 908 Xll.
1028 837 1174 930 saeculi,
1198 836 1307 918 folio·

218 983 300 1029 rum
320 953 404 1030 247.
455 959 590 1055 Incipit
613 983 635 1032 a
659 959 779 1030 verbis
803 957 899 1031 Libr.
921 960 946 1030 Ι.
973 983 1004 1030 c.
1025 961 1082 1032 16.
1105 985 1142 1056 p.
1157 963 1217 1053 75,
1234 966 1307 1034 tte:

216 1082 361 1174 μᾶλλον
394 1086 531 1154 τοῦτον
571 1081 639 1153 τὸν
668 1081 884 1154 κατάπλουν
915 1077 1063 1154 ἐκείνου.
1123 1085 1310 1158 Postrema

216 1205 303 1277 lolia
330 1206 446 1278 lacera
475 1219 581 1300 sunt,
615 1207 681 1278 etsi
715 1206 904 1278 continent
936 1206 1138 1304 quaedam,
1176 1208 1309 1306 quibus

216 1327 383 1423 lacunas,
408 1354 503 1427 quas
528 1329 641 1402 editio
667 1331 828 1402 Parisina
853 1329 892 1401 in
916 1327 989 1401 fine
1014 1331 1138 1424 habet,
1163 1331 1306 1427 explere

217 1449 498 1550 quodammodo
513 1455 675 1551 contigit.
697 1454 770 1528 Nec
787 1453 907 1536 minus
929 1453 968 1524 in
990 1454 1169 1526 aliislocis
1183 1453 1308 1526 Coisli-

216 1577 347 1648 nianus
369 1576 535 1672 duobus,
561 1580 695 1676 quibus
729 1579 788 1651 illa
822 1578 967 1671 nititur,
999 1577 1188 1652 codicibus
1212 1579 1308 1650 intc-

214 1701 314 1796 grior
349 1715 421 1794 est,
453 1702 703 1800 lectionesque
734 1699 943 1799 suppeditat
967 1703 1157 1795 meliores,
1188 1715 1225 1774 et
1249 1727 1308 1774 eas

214 1822 402 1919 proprias,
435 1825 569 1922 quibus
601 1827 747 1897 bonitas
771 1825 855 1896 libri
881 1825 1018 1898 censeri
1043 1838 1174 1920 potest.
1237 1826 1307 1897 Ve-

215 1971 301 2016 mm
318 1960 444 2019 tamen
464 1947 651 2022 latendum
665 1963 731 2044 est,
755 1949 915 2022 eundem
932 1973 973 2020 ex
996 1963 1156 2046 utroque
1176 1973 1308 2045 genere

215 2070 302 2141 vitia
325 2071 462 2146 habere
489 2097 558 2145 nec
582 2074 691 2168 levia,
722 2099 791 2146 nec
824 2097 978 2146 numero
1003 2097 1139 2168 pauca,
1166 2093 1261 2169 quse
1285 2097 1308 2144 a

214 2193 365 2290 reliquia
399 2194 512 2268 ferme
551 2197 693 2268 absunt
761 2195 863 2270 Unde
899 2209 1065 2292 apparet,
1097 2196 1220 2270 minus
1253 2197 1306 2268 rei

214 2331 500 2393 consentaneum
535 2307 633 2415 esse,
664 2321 695 2392 si
729 2320 812 2418 quis
832 2317 1011 2393 Alexiadis
1043 2319 1205 2414 codices,
1240 2320 1306 2416 qui

215 2437 368 2536 quidem
396 2442 587 2540 hucusque
619 2444 835 2538 innotuere,
873 2467 916 2515 cx
949 2439 1190 2537 Coisliniano,
1222 2455 1306 2516 tan-

216 2589 329 2660 quam
363 2590 384 2637 e
409 2569 599 2641 communi
623 2567 742 2663 fonte,
777 2569 921 2640 fluxisse
944 2580 1085 2642 statuat.
1110 2565 1189 2639 vid.
1215 2565 1307 2638 Wil-

216 2687 300 2760 lten.
326 2690 413 2762 Hist.
441 2689 570 2764 Cornu.
595 2693 730 2789 pXVl.
1223 2755 1229 2762 .

315 2814 485 2888 Proxime
516 2815 564 2888 ad
594 2817 695 2890 hunc
731 2801 872 2890 accedit
896 2815 1156 2916 Apographum
1181 2813 1306 2888 Annae

217 2932 439 3033 Comnenae,
463 2939 569 3036 quod
593 2941 685 3015 mihi
707 2941 762 3014 vir
784 2941 949 3036 eximius,
970 2942 1038 3014 lac.
1057 2939 1212 3033 Geelius,
1236 2965 1306 3036 pro

215 3060 385 3156 singulari
410 3087 475 3134 sua
496 3087 578 3162 erge
602 3089 663 3136 me
686 3065 941 3139 benevolentia
965 3066 1176 3161 litterasque
1202 3063 1308 3136 adiu-

216 3182 326 3255 vandi
359 3185 504 3280 studio,
540 3212 584 3258 ex
605 3189 830 3262 Bibliotheca
855 3189 1020 3262 Leidensi
1054 3187 1307 3285 suppeditavit.

217 3304 430 3382 Conseccrat
455 3309 494 3382 id
517 3310 604 3382 olim
624 3313 675 3384 lo.
700 3312 794 3384 Frid.
810 3311 1026 3408 Gronovius,
1046 3337 1130 3384 cum
1145 3312 1185 3382 in
1209 3311 1309 3384 ltalia

217 3454 250 3502 a.
280 3427 386 3530 1641,
414 3440 730 3533 commorabatur,
762 3439 894 3536 partim
919 3463 999 3532 sna,
1032 3436 1165 3533 partim
1191 3436 1309 3508 aliena

217 3579 348 3650 manu,
375 3583 419 3630 eo
447 3561 623 3656 consilio,
643 3576 685 3636 ut
711 3587 803 3659 opus
828 3561 939 3656 illud,
966 3560 1069 3658 quod
1094 3561 1203 3632 etiam
1228 3573 1309 3663 tum

217 3675 398 3752 ineditum
425 3696 513 3776 crat,
538 3683 577 3756 in
601 3685 719 3758 lucem
739 3685 928 3782 proferret.
969 3685 1024 3757 Ex.
1040 3685 1169 3756 itinere
1187 3696 1309 3754 autem

216 3800 349 3897 redux,
373 3804 680 3905 dumapparatus
704 3811 820 3883 critici
846 3810 1153 3907 supplementum,
1178 3805 1310 3878 aLuca

217 3923 404 4002 llolstenio
442 3930 510 4028 ipsi
548 3935 790 4030 promissum,
827 3947 1029 4031 exspectat,
1062 3952 1310 4044 praepropera

215 4046 396 4124 festinatio
425 4055 566 4126 Possini
601 4059 902 4154 necopinantem,
942 4082 1018 4130 non
1057 4056 1135 4128 sine
1174 4050 1310 4126 fraudis
1429 4142 1434 4156 1
1536 4041 1538 4058 ’

218 4174 446 4273 ⁸¹¹⁸Pl⁰i⁰¹102
473 4181 685 4277 antevertit,
720 4196 756 4258 et
780 4183 962 4282 propositi
997 4175 1236 4278 exsequendi,
1269 4189 1310 4248 ut
