3102 4902
446 301 566 363 PETRI
596 296 753 364 POSSlNl
788 295 1025 363 DEDlCATtO.
1183 304 1282 368 XXXI

189 452 397 518 contenderat
418 473 523 514 omnes
544 473 656 515 nervos
675 452 847 514 industriae
868 452 899 515 in
919 452 1156 518 elucubratione
1178 454 1284 538 operis

189 564 334 646 ingentis,
356 561 387 622 in
411 583 475 644 qno
491 559 640 624 decorum
661 560 794 622 istorum
816 559 956 622 omnium
969 560 1098 643 insignia
1117 563 1285 646 specimina

188 679 352 734 extarents
377 668 532 730 Historiae
553 667 697 730 videlicet
719 690 825 730 rerum
857 668 952 751 longo
975 669 1076 731 Patris
1092 671 1141 731 sni
1162 671 1284 754 princi.

189 787 268 861 patu
291 777 494 838 maximarum
518 798 554 838 ao
573 777 652 838 mire
673 776 832 837 variarum
854 786 940 838 terra
963 776 1106 862 marique
1129 789 1196 842 tota
1218 779 1285 842 sere

190 887 261 948 Asia
277 887 470 970 Europaque
494 896 666 969 gestarum:
688 906 762 969 quas
786 885 1012 949 accuratissima
1027 886 1218 950 collectionis
1238 886 1286 950 di·

190 993 327 1076 ligentia,
350 1015 407 1056 nec
427 994 527 1054 minus
549 995 626 1054 scita
646 991 856 1076 descriptione
879 993 1126 1078 ordinis‚‚atque
1151 995 1285 1078 explica-

189 1102 284 1164 tionis
306 1113 420 1164 ornatu
448 1103 620 1190 complexa,
641 1101 731 1164 simul
762 1101 924 1184 praeclare
946 1125 963 1162 a
983 1124 1015 1166 se
1037 1103 1213 1166 consultum
1232 1125 1285 1176 ra-

189 1211 287 1273 batur
307 1210 477 1272 rationibus
498 1210 627 1292 publicis
648 1218 753 1272 tantae
773 1211 913 1282 utilitatis
937 1209 1021 1274 libro
1042 1210 1216 1296 vulgand03
1238 1213 1283 1276 si..

189 1318 256 1379 mul
280 1318 416 1400 privatas
445 1338 512 1399 spes
544 1319 654 1396 faniae!
671 1339 707 1380 ao
739 1318 907 1380 memoriae
936 1319 1092 1401 perennis,
1122 1340 1198 1404 quas
1225 1321 1285 1382 isto

190 1422 316 1509 pietatis
345 1424 454 1488 eodem
485 1427 702 1510 facultatisque
729 1447 801 1488 snae
832 1427 1037 1510 consignasset
1070 1439 1285 1508 monumento,

193 1555 259 1596 non
291 1535 371 1596 male
403 1537 585 1598 constitutas
617 1536 847 1620 gratulabatur.
899 1536 1065 1600 Caeterum
1098 1559 1191 1622 quam
1211 1559 1287 1602 vere

192 1643 270 1706 illud
294 1644 370 1706 olim
389 1645 541 1728 scriptum
570 1644 749 1728 aquodam
765 1645 825 1708 sit:
860 1647 1060 1730 Quantnmnis
1081 1646 1169 1708 meta
1188 1646 1287 1708 diser-

193 1763 284 1834 taqne
305 1774 401 1838 opera
419 1754 518 1815 blattis
540 1754 752 1816 nihilosecius
768 1775 805 1814 nc
825 1754 914 1814 tineis
936 1756 1041 1838 epulus
1061 1753 1197 1832 datura,
1227 1755 1289 1814 nisi

188 1863 317 1946 potentis
339 1876 369 1923 et
386 1862 507 1944 benigni
524 1862 617 1922 Genii
628 1859 947 1946 efficaciprovidemiu
961 1849 1113 1924 curentur:
1137 1884 1200 1924 non
1224 1849 1286 1922 alio
1351 1935 1360 1948 ἡ

191 1968 300 2030 melius
322 1971 473 2052 exemplo,
495 1992 589 2054 quam
608 1969 699 2032 huius
712 1970 800 2032 Libri
821 1971 932 2032 misera
954 1979 986 2031 et
1005 1969 1195 2032 lamentabili
1216 1970 1286 2032 for.

192 2083 270 2138 tuna
291 2079 529 2161 comprobatum
553 2089 607 2144 est.
648 2079 727 2140 Tam
754 2086 883 2142 venusto
905 2079 929 2140 is
953 2077 1079 2162 quidem
1100 2077 1287 2142 elocutionis

193 2183 275 2247 flore
294 2195 435 2269 comptus
458 2197 534 2249 ortu
554 2187 622 2272 ipso
644 2185 747 2269 primo
769 2184 903 2268 prodiit,
926 2194 962 2248 ut
982 2185 1009 2248 si
1026 2186 1152 2248 fabellas
1175 2181 1287 2249 et'no·

191 2313 244 2374 gas
266 2316 365 2356 meras
388 2295 444 2356 ista
464 2295 615 2378 elegantia
637 2293 772 2378 garriret
794 2292 928 2372 aniliter,
953 2301 1069 2356 ornatu
1084 2293 1150 2356 solo
1170 2292 1285 2356 dictio·

193 2401 239 2461 nis
260 2400 450 2463 honoratum
472 2404 556 2466 inter
570 2403 747 2484 Scriptores
762 2402 882 2464 Atticos
903 2402 998 2485 primi
1019 2401 1155 2464 subsellii
1178 2402 1288 2465 eblan-

195 2507 317 2571 diturus
339 2510 398 2572 sibi
417 2511 510 2573 facile
537 2511 643 2574 locum
671 2509 776 2572 fuerit.
828 2531 933 2574 rursus
956 2521 1020 2570 tam
1040 2531 1136 2595 grave
1159 2520 1288 2594 tamque
1322 2513 1326 2525 '

192 2617 273 2680 scitu
295 2620 509 2699 necessarium,
533 2619 586 2682 tali
607 2618 817 2702 dispositionis
837 2629 914 2698 arte,
935 2627 1086 2704 tantaque
1105 2618 1288 2684 maturitate
1387 2665 1391 2674 .

193 2726 301 2788 iudicii
321 2739 535 2812 argumentum
565 2728 698 2810 explicat
719 2749 755 2790 ae
785 2727 911 2810 digerit,
931 2736 968 2790 nt
985 2729 1011 2790 si
1031 2728 1216 2812 loqueretur
1235 2728 1287 2790 in.

195 2835 415 2920 quinatissime,
437 2848 538 2900 tamen
552 2836 721 2919 splendore
741 2857 886 2898 sensuum
898 2837 1034 2900 illuviem
1054 2837 1235 2918 verborum,
1255 2844 1288 2900 et

194 2941 341 3006 historiae
360 2967 425 3006 non
453 2945 527 3006 alibi
557 2953 703 3026 narratae
732 2943 932 3028 praestantia,
950 2943 1051 3006 labem
1072 2941 1227 3008 barbarae
1249 2964 1286 3009 ao

193 3052 394 3116 balbutientis
418 3053 569 3119 orationis
586 3062 687 3137 posset
707 3052 870 3116 redimere.
919 3053 1083 3116 Postremo
1108 3053 1195 3139 quod
1214 3076 1287 3116 mu-

193 3159 302 3224 lierem
324 3161 515 3246 eandemque
535 3163 568 3223 in
587 3182 684 3246 regno
709 3171 814 3224 natam
834 3182 870 3224 ao
890 3161 1041 3223 nutritam
1061 3162 1174 3245 Operis
1198 3161 1286 3244 spissi

192 3269 370 3354 prolixique
399 3271 491 3333 fnisse
525 3279 668 3332 autorem
699 3277 839 3349 constat,
873 3291 921 3332 res
957 3278 1003 3332 est
1028 3272 1173 3352 profecto
1204 3269 1286 3360 eius·

194 3378 282 3440 modi
305 3399 384 3462 quae
404 3379 571 3462 scriptioni
604 3399 662 3441 nec
684 3378 755 3464 styli
785 3377 904 3462 alioqui
926 3398 983 3442 nee
1003 3378 1151 3440 materiae
1172 3398 1287 3460 genere

193 3485 371 3566 tolerabili,
398 3489 530 3551 raritate
556 3489 622 3571 ipsa
643 3495 676 3550 et
703 3485 944 3550 admirabilitate
962 3485 1133 3568 scriptricis
1151 3485 1287 3570 Reginae

195 3597 334 3679 pretium
356 3597 439 3680 apud
468 3618 583 3682 aequos
612 3596 822 3660 aestimatores
854 3615 961 3660 rernm
993 3592 1117 3656 abunde
1140 3616 1286 3677 magnum

195 3706 398 3767 conciliatura
420 3705 596 3780 videretur;
627 3713 745 3768 utnon
774 3704 850 3766 ferri
872 3702 973 3764 solnm
992 3711 1024 3765 et
1045 3702 1105 3786 legi
1127 3702 1180 3768 sed
1202 3703 1286 3764 cele.

194 3815 281 3876 brari
313 3813 406 3876 etiam
426 3826 521 3899 atque
553 3814 654 3897 expeti
683 3815 751 3876 iure
779 3813 915 3875 deberet.
956 3813 1000 3874 Et
1023 3821 1145 3875 tamen:
1168 3811 1196 3872 O
1219 3833 1287 3878 rem

197 3923 351 3985 miramne
368 3923 461 4007 magis
485 3923 584 3986 dicam
600 3945 638 3984 an
661 3921 820 3984 miseram!
844 3931 946 3984 tamen
968 3921 1020 3983 ille
1040 3929 1089 3984 tot
1110 3919 1286 3982 nominibus

193 4029 232 4094 ad
253 4033 364 4092 famam
386 4023 479 4114 atque
501 4031 539 4093 ad
553 4030 764 4094 celebritatem
776 4028 1006 4095 commendatus
1028 4029 1132 4106 Liber,
1152 4038 1286 4111 spretus,

196 4138 342 4220 abiectus,
364 4141 505 4224 neglectu
534 4139 673 4226 omnium
706 4139 836 4205 obrutos
859 4138 945 4200 annis
971 4136 1146 4222 quingentis
1168 4136 1198 4196 in
1224 4137 1285 4198 situ
