3102 4902
233 331 235 340 ,
286 277 409 340 xtvnt
607 275 773 340 ouvlnts
803 277 1042 342 HOESCHELll

247 427 248 430 ’
288 430 339 492 vir
361 449 495 514 nequam
514 437 547 492 ct
568 431 725 509 subdolus,
751 441 919 506 comesset
941 433 972 493 in
994 430 1111 513 palatio
1133 431 1298 514 Nicephori
1325 433 1381 498 tle·

286 531 416 592 cessoris
445 531 491 592 sui
511 551 655 608 summus,
677 541 708 592 et
729 532 875 614 princeps
905 533 1049 608 militiae,
1083 541 1192 592 contra
1222 534 1382 597 domiuum

288 653 379 692 suum
400 630 552 692 malitiose
567 631 905 716 recalcitrans,'quiuto
926 635 975 694 vel
998 641 1081 692 sexto
1096 641 1166 693 ante
1187 632 1267 694 hanc
1287 657 1389 720 expes

288 729 440 793 ditionem
453 750 546 807 anuo,
567 729 695 791 domino
708 729 837 812 depulso
858 731 1023 814 imperium
1050 731 1213 808 invaserat,
1238 742 1270 794 et
1292 735 1381 795 iuva.

287 851 356 892 sum
374 829 520 912 nequiter
540 829 710 890 detinebat.
754 830 814 892 Hic
833 851 955 912 semper
975 832 1171 914 propositum
1188 831 1301 894 babens
1323 835 1380 895 ful·

287 927 379 1006 leudi,
401 949 492 1012 saepe
512 951 583 991 cum
598 929 769 1012 peregrinis
782 931 877 990 verba
891 931 1020 1012 pacifica
1035 931 1225 1014 loquebatur
1245 935 1275 993 in
1294 934 1379 1015 dolo,

285 1040 459 1112 suspectam
483 1029 597 1112 iugiter
618 1027 733 1090 habens
755 1029 985 1092 multitudinem
1007 1051 1101 1091 cruce
1123 1032 1325 1113 signatorum,
1348 1045 1379 1096 et
1451 1058 1455 1068 ’
1530 1027 1531 1070 1

285 1127 413 1190 militiae
432 1130 633 1211 probitatem.
655 1127 748 1190 Unde
766 1129 791 1190 si
806 1129 995 1213 quandoque
1016 1151 1132 1192 nocere
1153 1133 1292 1210 cessavit,
1315 1156 1377 1194 non

286 1229 348 1290 boc
368 1230 490 1290 virtutis
513 1229 625 1305 extitit,
646 1229 705 1290 sed
724 1229 854 1290 timoris.
899 1229 993 1292 Auno
1010 1251 1103 1292 ucur.
1124 1232 1215 1292 Tunc
1236 1233 1378 1313 Impera.

286 1339 337 1391 tor
349 1329 478 1406 Alexius,
502 1339 534 1390 et
552 1327 701 1410 proditor
715 1329 925 1411 nequissimus,
947 1338 1129 1392 nostrorum
1149 1329 1285 1392 invidens
1307 1353 1379 1394 suc.

286 1431 435 1506 resultus,
468 1427 580 1490 Turois
611 1428 806 1508 infidelibus,
838 1450 897 1511 per
931 1451 1066 1514 quorum
1099 1441 1199 1492 terras
1220 1432 1379 1514 peregrini

285 1528 449 1592 transituri
470 1539 568 1606 eraut,
589 1530 715 1590 crebras
729 1530 898 1591 transmisit
912 1530 1064 1611 epistolas,
1085 1531 1251 1592 exhortans
1273 1541 1378 1594 attan.

284 1630 367 1707 tius,
399 1651 438 1691 ne
470 1639 593 1690 tautum
612 1629 863 1690 Christianorum
894 1631 1047 1712 populum
1071 1631 1170 1693 libere
1190 1632 1324 1694 transire
1346 1635 1377 1692 in

282 1751 369 1792 suam
389 1730 560 1812 perniciem
578 1737 773 1811 paterentur.

365 1833 583 1896 Murrauut
616 1832 1095 1894 Wrsruorusrearsasrs
1123 1848 1269 1892 aeones
1303 1831 1377 1894 Hr.

262 1951 395 1994 sroa.
412 1949 494 1993 uano
517 1951 610 1991 uxcv.
631 1927 752 1991 Alesios
774 1938 851 1991 tunc
870 1929 1022 2012 temporis
1043 1930 1170 1992 Graecis
1192 1930 1377 2012 imperabat,

281 2031 332 2093 vir
351 2031 476 2114 quidem
497 2029 664 2108 subdolus,
686 2036 719 2092 et
746 2029 936 2091 nostratibus
959 2050 1080 2112 semper
1099 2049 1212 2112 parans
1234 2051 1304 2093 cum
1326 2032 1376 2092 in.

280 2130 362 2194 sidi-is
383 2139 618 2193 nocumentum.

364 2230 465 2316 Atque
486 2233 563 2292 baec
585 2231 625 2291 de
646 2228 755 2292 Ateutt
775 2229 911 2292 moribus
932 2228 1025 2311 vulgo
1045 2227 1137 2314 apud
1158 2230 1284 2293 Latinos
1305 2235 1385 2315 opi..

279 2331 331 2394 m'o
350 2325 500 2393 obtinuit:
531 2324 610 2392 uuus
630 2351 718 2413 quem
739 2352 793 2412 ego
813 2331 937 2412 legerim
965 2331 1170 2392 Anauurus
1190 2332 1375 2394 Curuus.

280 2451 349 2494 cus
375 2433 601 2509 dourriers,
632 2450 657 2492 a
688 2430 848 2492 Reiueccio
869 2430 957 2490 titudo
984 2431 1120 2492 chronici
1142 2430 1377 2512 Hierosolymi.

278 2531 364 2608 tani,
384 2531 451 2591 sine
469 2529 607 2594 auctoris
626 2531 747 2590 nomine
767 2529 879 2606 editus,
900 2529 1087 2590 commodius
1107 2530 1146 2592 de
1165 2531 1219 2592 ttto
1239 2551 1299 2592 uon
1318 2551 1376 2592 uno

279 2630 349 2695 loeo
380 2633 480 2693 sensit
530 2631 574 2690 stc
598 2643 631 2690 ut
660 2628 775 2692 alicubi
795 2631 856 2690 eius
881 2631 1065 2715 apolegetem
1081 2631 1156 2709 sere
1183 2649 1225 2690 ex
1241 2632 1376 2714 professo

277 2733 384 2813 egerit,
406 2733 469 2792 Lm.
482 2751 551 2792 vus.
566 2729 639 2814 Cur.
652 2749 733 2790 xcvi.
756 2729 845 2791 Fecit
866 2729 949 2791 euim
970 2729 1051 2790 sama
1072 2730 1103 2790 iu
1123 2730 1243 2813 populo
1256 2731 1375 2794 Catbo.

277 2831 350 2910 lico,
372 2831 459 2915 quod
480 2831 572 2912 ipsius
584 2831 787 2911 Imperatoris
803 2830 937 2908 (Alexit)
959 2829 1088 2892 occultis
1104 2839 1136 2892 et
1149 2830 1277 2912 perfidis
1295 2851 1374 2892 con.

277 2931 362 3010 siliis,
384 2955 401 2992 a
424 2914 544 2992 comite·
558 2927 744 3013 Reymuudo
775 2937 807 2990 et
829 2929 978 2992 militibus
1000 2929 1201 3012 Turcopolis‚
1222 2929 1373 2992 deductus

277 3033 318 3094 sit
338 3033 489 3095 exercitus
509 3028 790 3112 Longobardorum
805 3050 864 3112 per
879 3027 1000 3092 deserta
1020 3037 1053 3091 et
1074 3029 1157 3092 invia
1178 3039 1209 3092 ct
1230 3030 1374 3092 solitudi.

277 3153 331 3195 nes
352 3131 534 3216 Flagauiae,
568 3138 604 3190 ut
625 3129 689 3192 illic
709 3150 726 3189 a
749 3129 858 3204 Turpis
888 3129 977 3208 facile
996 3151 1072 3212 prae
1094 3131 1174 3190 fame
1196 3137 1229 3191 et
1249 3130 1299 3190 siti
1320 3153 1373 3192 ex·

277 3233 412 3310 haustus,
436 3241 598 3315 superatus
621 3229 829 3292 occideretur.
871 3229 991 3292 Verum
1006 3238 1041 3290 ut
1060 3251 1078 3290 a
1097 3228 1241 3292 veridicis
1257 3239 1288 3292 et
1312 3251 1373 3290 no.

275 3332 389 3395 bilibus
409 3333 484 3394 viris
507 3331 639 3393 relatum
652 3337 707 3405 est,
732 3350 927 3413 nequaquam
939 3330 1001 3391 hoc
1014 3329 1148 3392 nefando
1162 3329 1279 3393 scelere
1302 3331 1372 3391 cut.

276 3431 397 3516 pandus
419 3419 498 3493 erat.
539 3431 616 3491 llam
630 3429 749 3511 saepius
771 3428 941 3492 exercitum
962 3429 1170 3510 praemonuit,
1191 3439 1223 3491 et
1245 3429 1372 3491 edocuit

239 3563 240 3566 ¹
276 3531 457 3595 solitudines
479 3539 509 3593 et
525 3529 725 3608 defectiones,
748 3531 969 3593 etTurcorum
992 3528 1113 3591 iusidias
1135 3529 1168 3590 in
1190 3530 1277 3590 inviis
1298 3530 1373 3590 Flu.

276 3634 396 3716 ganisa,
418 3641 450 3694 et
473 3629 542 3692 ideo
563 3652 616 3692 eos
636 3651 697 3694 non
719 3651 827 3693 secure
850 3640 881 3692 et
899 3639 984 3692 tutos
1004 3630 1159 3712 perhanc
1180 3630 1261 3690 viam
1282 3650 1373 3711 posse

275 3732 430 3794 incedere.
473 3733 548 3793 Cur.
562 3751 657 3790 xuvu.
673 3732 851 3814 Imperator
871 3733 1023 3810 (Alexim)
1044 3733 1219 3792 universam
1239 3730 1372 3812 petitio.

275 3853 346 3894 nem
366 3832 464 3914 Regis,
484 3853 555 3893 cum
575 3831 756 3893 muneribus
778 3832 836 3892 sibi
849 3833 1062 3914 praesentatis,
1081 3832 1114 3890 iu
1134 3830 1220 3892 bono
1239 3831 1371 3912 aceepit,

275 3931 368 3994 etde
389 3931 474 3994 omni
499 3931 675 4013 suspicione
698 3931 780 3992 necis
790 3932 1085 4016 Langobardorum,
1108 3945 1203 4014 quam
1226 3928 1372 3992 adversus

272 4053 347 4094 eum
369 4031 536 4093 Christiani
557 4031 726 4110 habebant,
746 4031 961 4095 iusiurandum
976 4032 1008 4093 iu
1024 4031 1083 4108 Dei
1099 4031 1226 4093 nomine
1246 4030 1370 4108 faciens,

273 4153 306 4196 se
327 4133 499 4211 excusavit,
527 4131 716 4217 promittens
748 4155 780 4196 se
811 4132 922 4198 deinde
956 4132 1100 4194 omnibus
1134 4129 1371 4194 misericordem
