3102 4902
266 289 377 360 xxxn
658 291 775 354 surm
805 289 961 356 cossim
1068 247 1069 254 Ν

268 485 303 526 ac
324 459 459 524 tenebris
480 461 591 522 iacuit:
615 481 651 524 ac
673 482 744 522 cum
759 462 833 522 olim
848 471 896 522 tot
911 461 986 522 aliae
1010 459 1092 522 nulla
1116 460 1190 524 huic
1212 479 1246 523 ex
1267 472 1358 546 parte

266 569 494 654 comparandae
510 573 718 650 Graecorum,
741 569 879 660 ultimae,
901 569 1032 650 mediae,
1055 570 1176 631 citimus
1199 573 1360 634 vetustatis

268 679 512 756 lucubrationes,
534 676 583 740 vel
604 675 867 742 aVenetiensibus
889 677 958 740 Aldi
981 659 1071 761 typis,
1097 679 1147 738 vel
1167 701 1183 738 a
1206 676 1359 740 Basileon-

264 787 346 850 sibus
368 785 534 862 Frobenii,
564 786 613 848 vel
634 785 681 873 ab!
704 785 768 846 aliis
799 784 873 846 alibi
896 785 997 846 lucem
1019 785 1213 867 acceperint;
1236 795 1267 848 et
1286 807 1361 850 cum

264 893 355 956 multi
377 893 540 957 extiterint
553 901 688 978 utraque
710 893 798 956 docti
820 892 926 976 lingua
948 893 1087 954 homines
1110 893 1164 976 qui
1175 895 1284 956 Latine
1307 895 1357 958 in.

263 1002 483 1085 terpretandos
515 1023 533 1064 e
560 1001 683 1064 Graeco
715 1001 812 1064 libros
847 1001 1008 1063 ambitiose
1038 1003 1272 1085 conquirerent,
1295 1023 1357 1065 una

265 1113 365 1173 ferme
388 1109 528 1173 omnium
549 1113 655 1172 Annae
678 1109 795 1172 Alexias
816 1108 988 1192 tunquam
1008 1131 1061 1170 sua
1081 1110 1233 1192 quaedam
1254 1110 1357 1172 iucre-

261 1218 365 1281 dibilis
387 1218 547 1280 infelicitas
572 1216 783 1300 prohibuerit,
806 1239 845 1280 ne
867 1217 898 1278 in
920 1217 1016 1278 ullum
1039 1237 1186 1300 umquam
1200 1219 1356 1280 Graecum

262 1325 515 1410 Typographum‚
541 1325 575 1388 in
586 1325 733 1387 Latinum
742 1326 949 1408 Interpretem
968 1325 1066 1386 ullum
1088 1325 1251 1394 incideret.
1275 1325 1356 1386 Nam

262 1433 559 1496 Hoeschelianorum
583 1440 804 1515 excerptorum
825 1431 1038 1516 Augustanam
1057 1432 1252 1494 emissionem
1272 1432 1358 1494 illam

263 1562 355 1604 nemo
379 1563 494 1626 aequus
517 1541 632 1624 opinor
651 1541 746 1626 magis
760 1539 975 1626 gratulandam
986 1539 1175 1604 Caesarianae
1196 1541 1355 1623 putaverit

263 1671 356 1734 quarn
376 1671 549 1732 puerperae
577 1650 725 1713 aborsum
738 1659 853 1732 ¹passae
875 1649 1026 1713 infelicem
1047 1649 1230 1713 eiectionem
1251 1650 1352 1711 foetus

261 1757 435 1821 monstrose
456 1759 558 1821 mutili
583 1769 615 1821 et
635 1739 763 1822 mortui.
804 1759 880 1825 Fuit
895 1769 1000 1820 tamen
1019 1780 1091 1820 eum
1112 1759 1272 1843 respexisse
1285 1762 1352 1820 An.

260 1889 330 1926 nam
352 1867 465 1929 melior
493 1868 622 1928 fortuna
654 1867 716 1930 visa
744 1875 798 1929 est.
850 1868 978 1929 lacobus
1008 1868 1148 1930 Cuiacius
1181 1867 1230 1930 vir
1259 1867 1353 1950 longe
1439 1873 1442 1884 '
1532 1865 1533 1886 *

224 2055 231 2082 x
260 1975 400 2036 omnium
422 1969 568 2058 ingenie,
589 1975 668 2038 luris
697 1975 841 2053 scientia,
864 1975 1055 2057 Linguarum
1083 1976 1196 2037 notitia
1219 1975 1351 2037 clarissi.

259 2103 344 2162 mus,
374 2081 524 2146 Alexiadis
549 2081 688 2146 codicem
710 2095 836 2162 nactus,
855 2083 950 2167 legit,
971 2084 1122 2168 suspexit,
1140 2084 1348 2166 praedicavit.

181 2247 187 2258 .
259 2192 414 2276 Denique,
440 2213 504 2276 quo
526 2191 605 2254 'nihil
618 2192 733 2271 Annae,
755 2192 831 2254 nibil
853 2193 898 2255 rei
917 2193 1086 2256 litterariae
1110 2193 1271 2254 consulere
1291 2211 1351 2276 op.

256 2301 421 2382 portunius
437 2302 552 2381 potuit,
575 2301 644 2363 viro
660 2301 742 2362 illam
756 2301 951 2382 ornatissimo
966 2302 1239 2384 eruditissimoque
1262 2323 1351 2362 com-

255 2408 414 2471 mendavit
434 2410 530 2470 Petro
552 2399 709 2486 Fabro,'a
732 2427 796 2491 quo
815 2408 984 2471 editionem
1007 2432 1077 2472 cum
1089 2409 1349 2492 interpretatione

255 2517 365 2578 Latina
395 2519 594 2580 coniunctam
626 2537 749 2600 sperare
768 2518 865 2598 ipsam
886 2501 1060 2599 oporteret.
1104 2521 1152 2578 At.
1168 2539 1187 2578 o
1209 2519 1350 2578 fallacem

256 2624 477 2687 reconciliatae
507 2645 578 2686 eum
609 2631 693 2686 sorte
723 2622 850 2686 adversa
878 2624 997 2706 gratiae
1019 2622 1137 2686 fideml'
1184 2623 1349 2690 recruduit

255 2732 346 2818 brevi
369 2733 510 2796 atrocior
530 2754 624 2814 quam
653 2741 743 2794 antea
776 2733 911 2794 faturum
943 2732 974 2792 in
995 2736 1115 2794 Annam
1136 2732 1244 2814 rigor:
1268 2753 1350 2792 nun..
1443 2791 1446 2798 ,

258 2859 416 2924 quamque
437 2829 663 2923 desperavimus
677 2839 715 2902 de
730 2840 781 2901 illa
792 2839 898 2902 iustius
922 2861 1015 2922 quam
1029 2839 1082 2902 ubi
1104 2840 1244 2923 proxime
1264 2859 1350 2922 spem

258 2949 450 3012 ueneramus.
493 2947 699 3012 Subtrahitur
728 2949 818 3012 rebus
855 2916 1006 3010 humanis’
1028 2971 1064 3011 re
1095 2949 1209 3010 infecta
1236 2950 1348 3010 Faber.

257 3057 425 3140 Exemplar
447 3056 572 3118 unicum
596 3057 743 3120 Alexiadis
766 3079 800 3120 ex
824 3058 887 3119 eius
907 3057 1027 3120 scriniis
1047 3060 1128 3120 clam
1149 3079 1290 3118 aversum
1315 3059 1347 3118 iu

260 3167 362 3228 nescio
384 3164 471 3251 quod
483 3164 667 3228 barathrum
682 3187 796 3250 quasve
820 3166 961 3228 latumias
982 3168 1183 3230 contruditur
1204 3168 1349 3228 inexora-

256 3275 326 3338 bilis
356 3273 530 3336 custodiae:
567 3275 623 3336 nisi
649 3277 759 3358 ,potius
788 3275 884 3360 (quod
913 3275 1121 3337 verisimiliter
1153 3277 1204 3338 alii
1228 3278 1349 3355 rentur)

258 3405 330 3444 casu
353 3383 488 3467 quodam
508 3383 618 3445 infesto
635 3385 833 3467 absumptum
855 3395 900 3447 est
920 3385 1071 3447 funditus.
1096 3386 1155 3446 Hic
1178 3394 1231 3445 tua
1253 3405 1350 3468 quae-

259 3492 339 3570 dam,
361 3493 424 3554 Vra
442 3495 640 3575 Anrnrssnrs,
662 3511 767 3555 rerum
788 3493 854 3554 fato
869 3492 1034 3577 prudentia
1055 3497 1155 3555 maior
1174 3504 1205 3556 et
1224 3495 1257 3553 in
1282 3513 1349 3554 rem

258 3601 445 3661 litterariam
475 3601 564 3662 nullis
591 3599 779 3664 deterrenda
803 3599 1045 3679 difficultatibus,
1066 3602 1156 3662 nullis
1177 3600 1351 3662 coercenda

259 3709 371 3770 finibus
391 3707 581 3792 benignitas,
606 3707 692 3772 velut
722 3729 739 3771 e
764 3709 907 3772 machina
926 3712 1028 3786 Deus,
1057 3709 1163 3775 adfuit.
1213 3705 1349 3788 Capessis

257 3814 339 3877 banc
371 3837 502 3895 curam,
532 3817 657 3881 adhibes
687 3818 842 3897 animum,
872 3818 999 3880 lustrari
1027 3816 1233 3880 bibliothecas
1256 3817 1351 3891 iubes,

261 3943 375 4002 versas,
398 3907 540 4009 inquiris,
565 3947 625 4010 qua
646 3927 728 3989 vales
747 3937 883 4010 propter
905 3947 1053 3988 summam
1073 3927 1272 3988 autoritatem
1293 3943 1355 4006 po.

258 4042 370 4096 testate
382 4032 484 4118 longe,
508 4055 620 4118 prope,
642 4038 673 4097 in
698 4043 847 4113 nostrate,
869 4037 901 4096 iu
923 4044 1028 4099 extero
1051 4035 1126 4112 solo,
1148 4032 1275 4110 moliris,
1299 4033 1349 4092 in-
1449 4107 1454 4112 ,

183 4159 187 4174 ’
260 4139 369 4226 degas,
391 4145 512 4227 retegis,
534 4145 644 4228 satagis
660 4145 812 4228 plurima.
857 4145 1026 4230 Postquam
1046 4143 1117 4206 satis
1140 4139 1280 4204 constitit
1301 4139 1351 4200 ui-
