3102 4902
627 307 867 368 PRAEFATlO.
1156 306 1280 366 xxxix

186 505 223 544 nc
242 480 378 560 sepositis
400 497 484 562 quae
508 478 542 539 in
569 479 710 540 manibus
732 496 819 541 erant
837 448 956 555 amotis,
976 465 1055 540 tolus
1073 479 1118 540 ad
1134 483 1300 548 exhauri,

183 591 291 656 endum
311 601 416 648 tantae
436 588 614 648 autoritatis
630 587 813 650 mandatum
835 588 967 649 iuasbui.
997 588 1049 649 Ac
1063 565 1219 669 plincipio
1238 590 1282 650 sic

183 698 411 760 oonstitueram:
433 694 494 756 duo
506 715 571 756 esse
586 695 758 778 praecipua
781 698 815 755 in
836 695 942 778 quibus
954 695 1112 756 elaborare
1126 717 1173 754 me
1190 717 1283 778 opor.

184 819 265 866 teret.
307 824 381 864 nam
412 817 444 863 et
454 804 639 881 faciendum
659 824 744 875 esse,
776 817 809 864 ut
833 803 983 864 Graecum
1011 805 1173 886 exemplar
1185 825 1283 887 quam

185 912 455 974 emendatissimum
477 915 584 988 exiret,
606 923 670 972 tum
682 910 882 972 annitendum
898 925 1015 994 postea,
1037 925 1072 972 ut
1089 933 1166 994 quae
1185 933 1227 973 ex
1247 931 1282 974 eo

185 1022 410 1102 exprimeretur
431 1017 546 1078 Latina
568 1019 687 1098 oemio,
708 1039 813 1080 ueram
835 1020 965 1081 Actoris
987 1020 1159 1080 sententiam
1178 1019 1283 1082 rectis·

186 1129 258 1189 sime
278 1140 496 1212 assequenda,
513 1127 753 1210 planissimeque
772 1126 919 1188 redderet.
944 1128 1082 1211 Quarum
1096 1147 1197 1188 renem
1216 1147 1283 1188 cum

191 1238 217 1296 is
237 1234 313 1296 onio
325 1247 521 1319 comparatus
538 1245 656 1296 natura
676 1235 726 1312 sit,
742 1247 775 1294 ut
786 1235 874 1296 illam
890 1237 959 1296 loric
971 1237 1129 1318 praeuerti
1146 1237 1185 1296 sit
1202 1253 1283 1318 opus,

187 1343 359 1426 appellenti
388 1344 464 1403 mibi
489 1342 534 1403 ad
547 1343 683 1426 priorem
703 1342 836 1404 anincmn
848 1388 858 1419 ,
887 1342 1111 1424 experientique
1138 1363 1283 1426 operam,

185 1453 295 1532 grauis.
310 1470 376 1511 ecee
393 1452 499 1533 primo
521 1447 711 1531 difficultatis
731 1449 836 1512 oborta
852 1453 975 1535 species,
994 1451 1088 1534 paulo
1108 1452 1199 1512 etiam
1215 1464 1286 1534 post

186 1558 427 1642 desperationem
447 1560 553 1621 iniecit
573 1561 653 1642 cepti
666 1559 878 1642 perpetrandi.
903 1558 1008 1620 Codex
1027 1560 1082 1643 qui
1101 1558 1146 1626 ad
1157 1578 1284 1620 manum

187 1679 255 1726 erat
276 1668 378 1728 unieris
397 1667 613 1745 tumultuarie,
636 1680 670 1726 ut
689 1667 781 1742 delei,
803 1689 847 1729 esc
864 1666 978 1729 dnobus
1000 1666 1113 1727 mutilis
1130 1679 1285 1748 congestus

188 1788 381 1859 consutusque
409 1777 526 1859 passim
554 1776 714 1852 incertae,
731 1774 896 1859 palamque
916 1777 1040 1838 interim
1062 1774 1220 1836 mendosae
1240 1774 1286 1833 le·

188 1878 295 1945 etionis
321 1884 448 1945 vocibus
468 1883 624 1960 scatebat,·
654 1885 775 1944 lacunis
801 1883 849 1944 ad
869 1885 941 1944 baec
967 1884 1072 1978 lriabqt
1091 1896 1150 1944 toto
1169 1884 1286 1964 sparsis

192 1989 303 2074 Operis
322 2011 454 2076 corpore,
473 1993 555 2052 cuins
574 2005 669 2074 caput
688 1992 797 2075 ipsum,
823 1992 878 2052 boc
900 2005 946 2052 est
961 1992 1178 2071 elegantissima
1199 2004 1229 2051 et
1245 1991 1286 2050 li.

188 2098 241 2159 bro
260 2099 441 2180 dignissima
462 2096 622 2182 Praefatio
642 2100 756 2159 Armae
774 2098 1005 2158 desiderabatis·
1024 2111 1107 2175 tota,
1126 2117 1220 2181 quam
1241 2117 1286 2158 so:

188 2206 380 2286 Augustanis
408 2206 596 2290 Excerptis,
624 2219 719 2291 prout
740 2206 844 2281 licrsit,
871 2207 1085 2289 supplevimus.
1129 2205 1286 2292 ⁸Cluusrda

184 2335 280 2398 porro
296 2314 464 2394 Historiae,
481 2328 637 2397 postrema
660 2313 771 2376 scilicet
788 2312 1002 2398 quintidecimi
1017 2333 1093 2397 pars
1116 2314 1197 2386 libri,
1222 2335 1286 2374 cre.

188 2423 324 2484 berrimis
331 2424 483 2503 fatiscens
507 2425 604 2500 rimis,
621 2423 735 2508 pertusi
750 2421 868 2506 passim
898 2433 1017 2482 vetusta
1039 2423 1123 2481 carie
1144 2423 1285 2499 centonis,

188 2544 245 2594 aut
262 2531 487 2593 collabasoena's
507 2533 705 2614 ruinosueque
735 2531 884 2592 maceriae
904 2529 1031 2613 speciem
1062 2530 1156 2590 babet.
1201 2526 1288 2612 Quid

188 2639 239 2698 nic
260 2637 405 2700 auderem
424 2646 644 2722 speraremue?
693 2636 882 2720 Aggrederer
910 2637 955 2698 ad
980 2637 1213 2698 emendationem
1233 2659 1286 2696 ar·

190 2748 309 2836 clretypi
345 2753 525 2808 coraextus?
552 2767 649 2831 quam
668 2769 729 2808 non
749 2747 808 2807 nisi
829 2747 1008 2808 coniecturis
1032 2758 1062 2806 et
1080 2745 1286 2806 divinationi-

190 2855 256 2932 bus,
279 2869 340 2916 tum
362 2856 473 2919 multae
494 2855 706 2933 contuitionis,
725 2875 822 2939 quam
847 2855 958 2916 nullius
975 2855 1155 2930 autoritates,
1176 2837 1217 2912 in'
1230 2873 1287 2912 esc·

192 2963 373 3044 emplariunr
394 2962 514 3043 defectu
526 2962 695 3041 meliorum,
718 2976 943 3046 repraesentare
963 2983 1010 3022 me
1026 2975 1169 3045 putarem
1184 2965 1288 3043 posse?

189 3072 246 3133 An
266 3055 485 3155 responderem
505 3074 643 3134 conecto
665 3074 807 3149 animun
829 3073 1030 3157 serenoque
1051 3072 1209 3132 mertum
1228 3071 1287 3130 an

190 3180 341 3241 iieerem?
380 3199 421 3242 ae
451 3203 518 3241 eum
540 3180 666 3242 Daordi
696 3181 878 3243 Hoesebelio
898 3201 954 3241 sua
974 3181 1063 3242 ciros
1084 3179 1170 3262 opud
1186 3177 1288 3239 doctos

189 3289 295 3368 gratia
315 3290 487 3366 corntiterit,
508 3289 592 3372 quod
610 3291 637 3350 is
650 3311 709 3350 non
723 3289 892 3350 dubitasset
907 3289 1051 3349 mendosa
1071 3283 1289 3347 incredibiliter

191 3409 221 3456 et
242 3395 343 3456 lacera
372 3395 528 3457 Historiae
558 3396 671 3458 Annae
684 3398 882 3478 fragmenta,
900 3417 1013 3480 pauca,
1035 3409 1144 3456 temere
1164 3413 1288 3456 coacer-

192 3515 288 3580 vata,
308 3501 648 3588 praqixo'Alecciadis
678 3506 764 3566 tiado
795 3505 905 3580 edere3
925 3503 995 3584 Ego
1021 3516 1096 3565 totos
1113 3502 1287 3588 quindecim

94 3611 102 3636 ‘
191 3611 255 3670 eius
280 3611 393 3694 Operis
414 3613 507 3673 libros
529 3626 657 3690 nactus,
687 3626 814 3697 propter
831 3609 928 3673 nescio
956 3631 1031 3697 quos
1049 3631 1167 3673 naeuos
1192 3611 1289 3691 magis

192 3718 431 3801 interpellaturos
454 3722 486 3780 in
506 3722 615 3782 lectore
626 3741 744 3782 sensum
762 3720 937 3801 elegantiae,
960 3740 1053 3803 quam
1066 3739 1166 3779 rerum
1187 3719 1289 3801 cogni-

192 3825 268 3885 tioni
285 3840 445 3906 gesturum,
466 3823 522 3888 aut
534 3825 698 3889 Historiae
710 3827 1089 3910 integrdatisubtracturos
1112 3828 1288 3912 quidquam,

190 3933 319 4014 publicis
341 3935 521 3997 incidendos
541 3936 701 3996 desideriis
723 3949 753 3996 et
772 3948 962 3996 aeternorum
983 3955 1084 3996 rursus
1104 3936 1289 3998 addicendos

194 4041 380 4102 tenebrarum
391 4045 543 4124 ergastulo
565 4049 739 4105 censerem?
758 4044 903 4104 Neutrum
921 4044 1031 4126 opinor
1052 4047 1213 4127 qnisquam
1237 4035 1290 4103 ae-

196 4151 462 4230 qtuoeruditusoe
475 4153 621 4215 suasisset
626 4175 638 4232 ,·
658 4175 695 4215 ne
711 4154 870 4237 probasset
879 4153 1009 4237 quidem.
1029 4151 1092 4215 Illa
1104 4155 1195 4234 igitur
1218 4153 1292 4212 milii
