3102 4902
488 873 737 1014 uurul
789 913 1123 1010 uosstur

375 1122 739 1214 nantelmo,
767 1123 839 1190 nr
874 1120 1239 1232 rnnnrnrm.

704 1299 898 1316 ..ι-οι...-

463 1419 672 1476 luteusstruo
697 1355 1035 1494 tutusuutssluooue
1059 1416 1144 1470 VIRO

741 1577 781 1637 D.
823 1575 866 1636 D.

304 1739 634 1839 PETRO
693 1742 1302 1854 SEGUIERIO,

544 1941 740 2008 FRANCIAE
772 1941 1062 2006 CANCELLARIO.

688 2115 907 2131 m

261 2251 350 2346 Nou
372 2293 442 2365 eget
463 2283 604 2366 opndTe
626 2282 752 2368 quidem
773 2285 947 2365 Interprete
968 2291 1100 2345 vetustas
1115 2281 1187 2362 ulla,
1208 2292 1260 2344 aut
1278 2303 1353 2356 cru-

263 2390 399 2452 ditorum
425 2389 548 2452 litterae
561 2390 723 2452 Gentium:
744 2371 861 2451 Tamen
880 2389 957 2452 haec
979 2393 1118 2452 Graecae
1137 2391 1283 2472 Princeps
1304 2389 1352 2449 fu-

264 2499 397 2564 eundiae
417 2497 504 2560 cuius
523 2518 595 2560 arce
616 2496 745 2581 dignum
764 2497 852 2580 Opus
874 2519 891 2558 e
913 2499 1048 2560 tenebris
1070 2499 1100 2559 in
1124 2498 1225 2560 lucem
1245 2497 1352 2580 publi-

264 2631 332 2671 cam
354 2628 437 2669 nunc
458 2605 599 2693 emergit,
621 2627 671 2666 me
692 2605 898 2688 interpretem
926 2605 1010 2686 apud
1032 2614 1063 2667 te
1085 2605 1173 2668 iubet
1191 2625 1269 2684 esse,
1289 2625 1353 2666 non

263 2717 414 2778 orationis
429 2725 516 2778 certe
535 2721 590 2774 ant
601 2713 750 2776 sermonis
771 2713 827 2792 sni,
841 2714 895 2776 uhi
911 2713 987 2774 nihil
1000 2712 1171 2776 eruditioni
1191 2723 1263 2776 tuae
1285 2733 1350 2774 non

263 2826 407 2911 pervium
428 2830 490 2900 est,
514 2823 568 2885 sed
586 2821 681 2884 animi
701 2824 784 2906 grati
803 2832 898 2906 atque
914 2821 1020 2902 officii,
1042 2843 1176 2907 qnorum
1199 2823 1353 2905 significa.

262 2934 364 2996 tiones
381 2953 542 3017 nunquam
557 2931 627 2995 satis
646 2953 780 3017 magnas,
793 2931 926 3016 satisque
942 2931 991 2994 vel
1005 2940 1061 2992 tuo
1077 2932 1206 3012 merito,
1220 2930 1268 2994 vel
1280 2952 1354 2994 suae

265 3040 423 3104 voluntati
442 3041 662 3123 respondentes
678 3040 771 3104 edere
784 3062 816 3103 se
830 3039 905 3103 ullas
926 3049 1017 3124 putat
1038 3061 1135 3124 posse,
1158 3039 1356 3125 quantumvis

265 3149 437 3213 accumulet
457 3147 616 3233 plurimas.
670 3153 757 3238 Anna
788 3171 825 3214 ea
847 3157 892 3212 est
913 3149 1081 3227 Ccmnena,
1114 3150 1232 3212 decima
1251 3152 1355 3211 Musa-

264 3278 347 3338 rum,
369 3265 401 3319 et
414 3256 512 3320 Pallas
538 3256 688 3342 quaedam
708 3257 895 3344 Byzantinae
923 3259 1082 3335 Graeciae,
1105 3258 1190 3319 cuius
1211 3255 1357 3340 Porphy-

265 3365 428 3449 rogenitae
447 3365 520 3428 licet
540 3388 576 3428 ac
599 3367 827 3450 primogenitae
853 3364 1044 3427 moderantis
1065 3365 1176 3428 orbem
1195 3364 1357 3446 Principis,

264 3473 380 3558 siquis
403 3473 517 3558 ingenii
550 3495 624 3557 opes
654 3474 812 3553 aestimet,
835 3473 986 3558 Augustos
1007 3473 1136 3551 natales,
1160 3480 1253 3557 atque
1274 3471 1357 3532 illam

266 3601 417 3646 cunarum
438 3603 614 3666 purpuram
635 3581 668 3644 in
688 3581 821 3644 minimis
840 3581 1029 3644 ornamentis
1046 3582 1232 3644 numerabit.
1274 3579 1357 3640 Haec

266 3689 379 3754 nullius
402 3688 595 3753 eruditarum
612 3691 698 3754 rudis
719 3691 852 3771 artium,
874 3690 1059 3774 praesertim
1081 3701 1184 3752 autem
1195 3688 1357 3771 Eloquen-

266 3799 328 3861 tiae
349 3798 505 3874 eonsulta;
526 3800 682 3886 religionis
704 3821 829 3883 quoque
862 3799 1005 3860 omnibus
1032 3808 1062 3860 et
1083 3797 1279 3860 humanitatis
1300 3795 1358 3857 eli-

266 3917 348 3971 mata
371 3907 494 3983 officiis;
515 3931 551 3972 ac
574 3909 706 3972 collectis
730 3909 764 3970 iis
779 3909 896 3971 cunetis
911 3930 981 3970 nna·
994 3907 1110 3970 florens
1131 3905 1256 3967 dotibus
1276 3925 1357 3989 qnae

268 4018 411 4080 omnibus
441 4017 601 4080 absolvere
627 4019 761 4080 numeris
790 4037 854 4078 non
877 4016 1001 4099 Regiam
1022 4017 1200 4076 Matronam
1222 4011 1357 4096 quamli-

267 4125 333 4208 bet,
353 4125 406 4189 sed
427 4149 494 4192 eam
515 4135 639 4210 possent
661 4149 755 4213 quam
775 4128 822 4190 sui
845 4125 911 4191 aevi
928 4124 1113 4188 miraculum
1129 4121 1197 4185 iure
1222 4120 1351 4194 dicercs;
