3102 4902
642 333 885 396 PRAEFATIO.
1156 333 1293 394 mvn

200 516 369 579 oauvoto
390 516 480 577 ticee:
500 539 561 579 non
583 519 666 580 enim
690 533 763 580 ante
793 518 896 580 omnia
912 517 1150 602 perlegendu1115
1177 517 1232 578 sed
1260 517 1296 580 in

197 637 331 705 tempore
350 622 559 684 consulendum
585 626 745 706 seponitur)
777 647 892 686 moram
904 670 916 698 ,
946 627 1070 709 inquam
1097 625 1295 685 neeessariam

196 730 355 812 interpono
375 729 519 807 redeam,
555 727 822 810 Praesatiunadae
845 731 954 814 paucis
983 729 1215 812 complexurae3
1236 749 1295 811 quo

196 857 288 914 casu,
310 857 407 920 quove
438 849 516 897 statu
536 838 675 898 Alexias
695 841 810 900 Annae
832 838 1002 899 Gomnenae
1030 859 1112 897 meas
1131 839 1166 896 in
1187 857 1295 897 manus

196 945 337 1020 venerit‚·
357 965 418 1028 qua
438 965 493 1022 spe
513 966 610 1029 quave
632 945 801 1006 conditione
826 947 860 1006 in
880 960 945 1006 tuas
966 959 1105 1005 transeat.

281 1051 351 1112 lam
380 1064 445 1112 aem
475 1051 517 1112 ab
537 1052 750 1129 adolescentia,
769 1075 864 1136 quam
885 1055 961 1114 mibi
981 1055 1143 1133 transigere
1170 1051 1295 1112 Tolosae

197 1159 326 1238 eonu'git,
352 1157 464 1236 ingenti
484 1157 634 1218 desiderio
644 1157 792 1242 flagravi
806 1157 985 1220 Alexiados
995 1159 1104 1220 Annae
1126 1157 1297 1219 Gomnenae

196 1265 403 1348 explicandae
414 1264 534 1324 Latinis
545 1265 662 1339 litteu's,
679 1279 709 1325 et
721 1267 785 1325 luce
799 1267 923 1350 publica
935 1265 1113 1326 donandae.
1132 1267 1251 1327 Alebat
1260 1265 1298 1326 id

196 1385 306 1434 votum
329 1371 523 1455 lactabatque
546 1370 659 1431 blanda
677 1392 730 1454 spe
749 1373 832 1432 sedes
849 1373 906 1432 illa
926 1373 992 1455 ipsa
1005 1373 1189 1433 studiorum:
1211 1371 1298 1457 qteod

196 1481 230 1540 in
252 1500 313 1563 qua
331 1479 478 1539 vivebam
498 1480 667 1562 litterisque
685 1481 840 1562 operabor
857 1482 971 1542 civitas
993 1482 1111 1541 ωιίειιηι
1132 1483 1197 1540 eius
1219 1499 1294 1564 ope.

196 1589 240 1646 ris
261 1587 504 1668 antiquissimum
526 1600 557 1646 et
573 1589 800 1666 integerrimum
820 1589 983 1670 exemplar
1001 1588 1109 1648 habere
1128 1587 1296 1648 dicebatur.

197 1692 263 1774 Egi
278 1715 358 1776 ergo,
379 1695 494 1774 sategi,
513 1715 573 1776 per
592 1715 663 1770 me,
680 1716 740 1778 per
767 1698 878 1755 amicos
899 1697 982 1755 movi
1002 1697 1110 1770 multa,
1133 1715 1193 1776 quo
1212 1695 1297 1755 istius

197 1801 275 1860 milii
286 1804 376 1886 copia
389 1799 486 1882 fieret
500 1801 625 1862 codicis.
646 1821 667 1861 a
684 1803 869 1863 nobilissima
883 1804 1109 1887 clarissimaque
1120 1802 1295 1862 Fabrorum

197 1907 457 1989 Saniorianorum
474 1910 605 1991 familia
620 1912 653 1970 in
663 1911 816 1971 Musaeum
828 1909 886 1972 soi
907 1907 1083 1989 μακαρίτου
1103 1909 1296 1970 eruditissimi

197 2017 286 2076 Petri
303 2017 401 2076 Fabri
411 2020 625 2080 humanissime
639 2019 802 2092 admissus,
824 2022 949 2081 versatis
963 2021 1028 2080 illic
1046 2021 1223 2081 otiosissime
1243 2040 1296 2078 eu·

196 2124 416 2205 nbse'ssimeque
433 2129 548 2188 curretis
573 2128 701 2188 multum
713 2127 839 2209 frustra
862 2127 924 2187 bibi
941 2129 1118 2212 pulverem.
1138 2125 1300 2205 indagavi

196 2237 289 2288 etiam
301 2229 497 2316 omnibusque
510 2234 642 2314 vestigiis
656 2233 798 2292 odoratus
809 2254 873 2293 sum
886 2253 1015 2315 scateam
1036 2235 1069 2294 in
1089 2235 1176 2296 urbis
1198 2234 1296 2294 altam

198 2355 277 2396 rara
298 2349 327 2395 et
342 2337 504 2418 peregrina
523 2339 599 2400 baec
619 2338 688 2398 avis
709 2337 860 2399 evolasset
876 2338 1013 2402 dantum.
1052 2359 1112 2401 non
1130 2339 1199 2422 plus
1215 2358 1294 2422 pro-

182 2443 255 2517 feci
271 2461 365 2522 quam
383 2443 517 2504 Cadmus
536 2464 608 2505 cum
621 2443 781 2528 Europam
803 2457 971 2528 quaereret.
1013 2443 1115 2530 Atque
1136 2447 1186 2506 bic
1201 2467 1295 2531 prae-

194 2547 349 2610 dicandae
368 2551 452 2611 locus
473 2563 518 2610 est
538 2547 776 2629 officiosissimae
803 2549 992 2630 benignitatis
1022 2549 1224 2610 illustrissimi
1244 2549 1291 2610 D.

198 2655 309 2717 Caroli
340 2658 380 2718 de
401 2657 562 2718 Montcbal
580 2658 812 2741 Arebiepiscopi
844 2657 1000 2733 Tolosam,
1020 2659 1078 2741 qui
1092 2678 1153 2741 pro
1174 2636 1295 2718 caetera

194 2765 382 2826 bemanitate
405 2786 468 2847 qua
487 2767 586 2826 studia
605 2787 724 2850 semper
751 2786 819 2826 ntea
836 2779 1009 2849 proseeuaes
1030 2777 1084 2842 est,
1107 2777 1178 2826 tunc
1197 2765 1294 2825 etiam

194 2895 254 2934 non
273 2876 430 2956 indignum
455 2876 634 2936 celsitudine
662 2897 717 2935 sua
743 2872 877 2934 credidit
894 2875 928 2934 in
948 2875 1035 2933 istam
1057 2893 1170 2931 mecum
1189 2892 1295 2931 curam

193 2979 398 3055 descendere,·
418 2993 448 3040 et
465 2983 642 3043 autoritatis
662 2984 883 3066 interpositione
901 3002 975 3042 suae
989 2994 1094 3042 tantae
1114 2981 1201 3040 bta‘us
1220 2977 1294 3062 effe-

194 3099 274 3148 taem
303 3089 370 3148 voti
401 3090 480 3149 milei
494 3088 635 3172 conficere
663 3089 776 3155 conari.
828 3089 931 3150 Elusit
959 3101 1057 3148 umen
1076 3087 1294 3176 indagationes,

190 3196 358 3278 petitiones,
380 3197 615 3270 machinationes
634 3217 734 3258 emtas
754 3197 809 3256 vel
826 3197 926 3258 nescio
945 3198 1013 3280 quis
1027 3215 1111 3255 cassu
1133 3193 1221 3268 alius,
1245 3194 1297 3252 vel

193 3303 421 3364 obsunatissima
444 3305 594 3391 iniquitas
610 3325 727 3381 eorum,
749 3307 804 3389 qui
823 3307 976 3389 captivam
992 3303 1137 3364 illustrem
1158 3299 1295 3362 aeternis

194 3410 330 3472 detinere
358 3411 483 3471 tenebris
503 3431 573 3473 eum
588 3411 777 3472 incommodo
806 3425 837 3472 et
855 3414 965 3492 gemitu
988 3409 1080 3471 Orbis
1099 3406 1190 3467 totius
1213 3406 1294 3466 dett.

194 3516 409 3578 beratissimum
439 3515 560 3578 babent.
612 3516 707 3578 Multi
733 3515 846 3576 deinde
867 3516 943 3574 anni
968 3513 1044 3574 milti
1069 3513 1137 3575 alia
1153 3514 1296 3594 cogitana'

195 3626 303 3685 omnia
325 3634 355 3680 et
375 3619 554 3684 Alexiados
571 3624 638 3684 iam
653 3624 749 3707 plane
780 3621 1059 3708 oblitofluceraut,
1081 3643 1148 3686 ozan
1169 3623 1222 3682 vir
1239 3623 1294 3682 bo-

194 3733 275 3790 noris
298 3749 395 3791 causo
413 3731 611 3803 nomirmndus
632 3731 741 3792 Petrus
770 3730 932 3811 Seguerius
960 3728 1171 3792 cancellarius
1191 3729 1294 3788 Fran-

197 3837 283 3912 ciae‚
316 3837 372 3920 qui
391 3837 598 3920 amplissimae
628 3838 773 3918 dignitati
802 3859 910 3920 parem
940 3838 1125 3918 Religionis,
1147 3836 1293 3913 Iustinae,
1366 3879 1371 3890 .

194 3943 371 4026 virtutisque
390 3946 507 4016 omnis;
528 3957 588 4006 tum
603 3965 674 4006 vero
687 3947 777 4006 etiam
793 3945 976 4028 eloqstenaae
992 3959 1023 4004 et
1040 3943 1217 4005 eruditionis
1235 3963 1293 4003 ea.

194 4048 360 4109 celleruiarn
381 4051 533 4128 adiwsxit,
554 4053 798 4114 animadvertens
815 4073 839 4114 a
859 4053 1030 4114 collectione
1047 4051 1207 4114 Historiae
1225 4050 1292 4127 By·

197 4157 332 4220 mameae
351 4179 447 4244 quam
462 4161 557 4246 Typis
569 4161 622 4221 edi
631 4161 729 4242 Regiis
750 4162 889 4242 usserat,
913 4158 1104 4224 Alexiaclem
1114 4160 1222 4220 Annae
1234 4155 1292 4219 Co-

630 4275 640 4304 l
