3102 4902
610 299 846 366 nnnlca'no.
1145 301 1270 366 xxxin

179 467 223 536 bil
246 470 277 534 in
301 469 418 550 Gallia,
449 471 526 534 nihil
550 473 582 534 in
605 475 786 553 Germania,
809 469 885 534 nihil
906 473 1025 555 uspiam
1045 473 1272 556 Cisalpinorum

177 582 315 664 gentium
346 580 412 663 spei
439 589 493 640 aut
515 580 657 664 praesidii
680 580 719 641 ad
739 584 859 642 Annam
884 601 956 658 esse,
975 581 1004 641 in
1029 581 1147 642 ltaliam
1167 590 1270 644 trans..

179 690 291 767 volus,
313 689 431 750 Romae
453 709 519 750 rem
542 710 653 767 coras,
684 691 867 750 accersitum
888 689 960 750 inde
982 688 1127 750 Codicem
1150 690 1271 752 Biblio.
1294 677 1295 682 ¹

180 797 289 860 thecae
308 796 497 860 Barberinae
518 817 580 858 uon
602 796 757 879 optimum
772 805 826 856 aut
844 797 1078 879 integerrimum
1099 797 1186 860 illum
1199 800 1272 883 qui-fi

180 906 261 984 dem,
281 915 385 968 tamen
418 903 572 968 eiusmodi
594 925 657 988 quo
681 906 843 986 interpres
879 926 942 966 non
971 906 1083 984 hebes,
1103 927 1161 968 nec
1180 910 1273 988 plane

177 1013 342 1095 imperitus
365 1013 519 1075 consolari
542 1012 728 1074 desiderium
744 1013 881 1076 melioris
894 1022 1008 1096 posset,
1027 1035 1099 1074 cnm
1123 1014 1273 1076 nonnulla

179 1121 292 1182 fiducia
314 1141 432 1203 operae
453 1120 630 1194 navandam
656 1121 793 1200 allatum,
813 1123 951 1204 inquam,
974 1120 1013 1182 ad
1036 1131 1067 1182 te
1088 1123 1186 1184 Roma
1207 1123 1274 1182 Ln-

178 1231 289 1290 tetiam
310 1231 463 1292 eiusmodi
485 1229 623 1292 codicem
645 1231 685 1291 ad
708 1253 757 1292 me
779 1230 924 1292 Tolosam
946 1230 1051 1292 mittis.
1095 1230 1196 1290 Affixis
1212 1232 1273 1301 ins.

180 1337 368 1421 plicitusque
390 1347 566 1400 tumerem
588 1339 670 1398 curis
692 1349 774 1414 toto,
796 1345 832 1398 nt
852 1337 896 1399 ita
918 1337 1037 1412 dicam,
1056 1337 1146 1400 'caelo
1167 1337 1273 1398 diver.

179 1449 238 1524 sis3
261 1466 361 1529 neque
382 1447 418 1508 iis
442 1455 496 1508 aut
518 1467 648 1509 numero
671 1447 786 1528 paucis,
807 1455 863 1508 ent
883 1467 997 1528 genere
1019 1446 1149 1508 levibus.
1193 1447 1274 1510 Hinc

181 1555 315 1632 Marcus,
338 1554 509 1638 Luamque,
530 1556 689 1618 Matthaeo
708 1555 770 1616 iam
801 1555 943 1638 perfecto
963 1557 1147 1638 promissam
1178 1575 1274 1636 repo.

178 1661 307 1725 scebant
330 1684 469 1744 operam.
512 1663 644 1728 Aliunde
665 1663 786 1726 divinae
810 1663 933 1724 litterae
954 1663 1163 1745 professorem
1187 1683 1276 1724 suum

181 1774 251 1836 inre
273 1793 367 1833 manu
390 1783 568 1835 consertum
590 1773 739 1836 tenebant
761 1793 800 1834 ne
820 1771 861 1834 ad
881 1771 1035 1834 humanae
1056 1771 1205 1833 historiae
1225 1772 1276 1832 in-

180 1883 436 1964 terpretationem
467 1880 698 1944 descenderem.
749 1879 894 1963 Denique
921 1889 1013 1961 cepta
1045 1881 1125 1942 rarii
1156 1882 1277 1962 generis

181 1988 345 2071 complura
367 1988 532 2050 clausulam
564 1987 836 2072 colophonemque
859 1986 1051 2070 flagitabant.
1094 1987 1180 2064 Quid
1202 2009 1277 2070 age..

182 2097 270 2157 remi
311 2105 366 2158 tua
393 2099 552 2158 Mecaenas
585 2095 666 2158 haud
689 2096 790 2157 mollia
810 2097 898 2157 iussa.
951 2093 1083 2156 induciis
1106 2101 1277 2175 utcumque

180 2205 374 2286 impetratis3
402 2215 434 2266 et
454 2204 543 2288 quasi
572 2206 611 2266 ab
634 2204 868 2287 urgentioribus
900 2201 1093 2263 creditorum
1114 2223 1204 2264 mora
1225 2225 1277 2264 so.

179 2311 308 2373 lationis
331 2320 464 2390 exorata,
488 2320 591 2374 totum
614 2316 720 2372 Annae
742 2333 791 2372 me
814 2309 922 2388 tribui,
946 2317 1049 2371 totum
1069 2309 1222 2392 impendis
1244 2319 1277 2372 et

170 2428 283 2485 ‚totum
304 2421 348 2481 ita
369 2441 419 2482 res
439 2421 587 2502 poscebat
603 2431 638 2482 ut
655 2441 711 2483 nec
727 2427 809 2482 totns
826 2417 1008 2481 sufficerem.
1051 2419 1086 2479 ln
1107 2418 1276 2500 scriptione

178 2528 291 2612 passim
326 2528 446 2590 incerta
478 2528 657 2610 exemplaris
683 2528 887 2592 tumultuaria
906 2528 1073 2590 collatione
1094 2526 1274 2588 concinnati

178 2637 363 2699 coniectura
384 2646 417 2700 et
436 2637 612 2720 suspicione
633 2637 783 2698 utendum
804 2635 989 2719 plurimum.
1030 2637 1173 2696 Lacunae
1192 2633 1276 2695 divi..

180 2744 357 2806 nationibus
378 2744 577 2828 supplendae.
620 2743 800 2808 Cavendum
823 2765 862 2806 ne
884 2744 975 2826 longe
997 2743 1190 2807 ornatissima
1212 2743 1275 2803 Co..
1303 2815 1306 2818 Ι

179 2874 311 2916 mnenae
331 2853 436 2914 oratio
466 2853 559 2918 nimis
580 2853 734 2936 inaequali
763 2851 902 2916 versioni
921 2852 1049 2914 Latinae
1071 2871 1278 2936 comparare·

180 2971 249 3035 tur;
272 2982 336 3022 non
358 2962 476 3024 minori
496 2962 620 3024 fastidio
642 2961 844 3044 convitioque
859 2961 1034 3042 oculorum,
1055 2959 1193 3044 quamsi
1213 2959 1275 3021 ho·
1319 2966 1322 2973 '

180 3069 325 3132 toserious
344 3069 419 3131 viva
435 3091 579 3153 purpura
593 3071 696 3132 lucens
710 3089 830 3156 pannus
853 3086 941 3130 sacco
965 3067 1087 3130 cilicino
1111 3077 1166 3128 ant
1185 3067 1273 3148 pullo

179 3179 308 3240 centeni
323 3187 506 3240 assumetur.
528 3177 710 3240 Verendum
724 3199 763 3240 ne
784 3176 883 3260 (quod
896 3197 1010 3259 parum
1024 3175 1135 3238 vitasse
1154 3173 1274 3258 aliquos

179 3286 307 3368 querela
328 3285 499 3349 multorum
520 3291 574 3363 est)
596 3286 889 3368 interpretationem
910 3285 1052 3347 Latinam
1071 3276 1207 3345 lacerem
1230 3286 1273 3344 si..

95 3439 101 3456 .
178 3391 283 3454 milem
303 3395 414 3456 setacei
436 3393 577 3471 cribelli‚
607 3391 694 3477 quod
723 3392 871 3455 immissae
900 3393 932 3453 in
961 3389 1120 3454 ceruiculo
1154 3389 1274 3450 farinae

179 3501 291 3562 florem
305 3502 406 3583 ipsum
425 3522 462 3563 ac
482 3523 596 3584 purum
610 3501 759 3584 pollinem
776 3499 971 3580 transmittit,
990 3497 1125 3559 furfures
1147 3517 1183 3558 ao
1203 3518 1273 3559 sor..

180 3609 232 3670 des
256 3629 357 3670 meras
386 3609 502 3672 retinet
533 3617 564 3671 et
584 3609 719 3672 exhibet.
767 3605 814 3670 Ad
834 3607 912 3670 haec
934 3606 1085 3692 qnoniam
1106 3605 1138 3666 in
1163 3605 1274 3668 Caesa-

179 3717 272 3778 rissae
292 3715 440 3778 familiam
470 3717 596 3780 nomine
616 3727 710 3800 atque
739 3723 956 3793 autoramento
977 3714 1161 3796 interpretis
1184 3722 1273 3775 tran.

179 3825 360 3898 scrihehar;
386 3825 519 3886 tenenda
543 3825 587 3886 vis
619 3825 708 3886 huius
732 3822 835 3900 officii,
858 3822 945 3906 quod
965 3823 1056 3906 quale
1074 3822 1123 3900 sit,
1145 3842 1181 3903 ex
1201 3843 1273 3880 mu.
1329 3857 1338 3876 ,

179 3929 237 3992 niis
258 3930 392 3994 eiusdem
415 3931 545 4014 generis,
568 3931 791 4014 principalium
810 3928 982 3992 scribarum
1007 3938 1041 3991 ct
1060 3927 1300 4011 palatinorum·

181 4039 502 4101 commentariensium
526 4048 630 4123 potest
651 4038 791 4123 intelligi.
834 4038 873 4100 lis
893 4038 991 4120 Reges
1008 4035 1206 4119 Reginaeque
1227 4035 1274 4096 uti

182 4144 280 4206 solent
310 4145 349 4207 ad
364 4147 556 4210 'scribendas
583 4169 658 4230 quas
689 4166 941 4230 quoquoversum
968 4143 1119 4206 missitant
1143 4142 1271 4220 litteras,

250 4275 332 4327 Anno
351 4274 499 4333 Ccmnena.
527 4271 528 4276 ’
1038 4263 1078 4296 m
