3102 4902
635 347 877 414 rnnrmro.
1246 353 1303 414 XV

210 519 279 586 τοῦ
300 501 550 602 Βαῖμούνδου·
603 507 666 578 καὶ
690 506 817 581 ὁπόσα
850 508 1189 604 ἐπραγματεύσατο
1209 509 1308 583 κατὰ

210 631 278 707 ‘rori
302 627 482 731 βασιλέως
505 631 573 711 τὴν
596 627 794 727 βασιλείαν
818 629 990 730 γυρεύων·
1015 627 1079 698 καὶ
1090 623 1185 711 ὅπως
1209 633 1306 724 μετὰ
1356 633 1360 641 “

209 757 382 857 πονηρίας
406 753 570 854 ἐξέφυγε·
598 754 660 826 καὶ
685 755 729 835 ὡς
754 753 876 848 νεκρός
901 754 954 857 εἰς
974 753 1043 833 τὴν
1066 754 1214 852 κσροφό
1241 781 1307 824 κα-

211 883 380 980 τέλαβεν,
410 871 476 961 ἤδη
503 875 727 973 ἐγράφησαν.
789 869 932 969 Λεγέτω
957 866 999 945 δὲ
1024 872 1087 943 καὶ
1111 869 1188 944 όσα
1211 877 1308 969 μετὰ

213 1005 337 1082 ταῦτα
363 1006 574 1104 εἰργάσατο.
627 1003 724 1074 Folia
748 1003 877 1098 implet
888 998 1072 1094 undecim,
1099 997 1306 1097 desinitque

214 1135 253 1205 in
277 1132 370 1203 hano
394 1128 521 1200 rerba:
549 1125 570 1194 ὁ
600 1122 774 1220 βασιλεὺς
806 1117 846 1192 δὲ
872 1123 1106 1219 φρονήματος
1128 1117 1174 1194 όν
1198 1124 1307 1217 μεγά·

213 1255 300 1338 λου,
325 1250 388 1321 καὶ
411 1249 536 1345 ψυχὴν
562 1241 783 1346 άνανδρείαν
809 1246 942 1332 (immo
976 1242 1169 1343 ἀνδρείαν)
1193 1241 1306 1343 ἔχων,

210 1374 305 1444 λύων
323 1372 370 1442 τὸ
391 1365 567 1464 ὑπόδημα
592 1365 728 1456 αὐτοῦ,
753 1361 800 1439 ού
823 1367 1056 1450 συνεστάλη·
1107 1372 1194 1441 ἀλλ’
1219 1367 1307 1444 εἶπε·

212 1495 301 1594 πρὸς
311 1495 359 1566 τὸ
376 1493 495 1592 παρὸν
513 1490 555 1577 άς
569 1495 760 1590 ὑπάγωμεν
774 1490 838 1565 ἵνα
851 1496 1042 1592 φάγωμεν·
1069 1494 1132 1564 καὶ
1146 1495 1198 1566 τὰ
1209 1498 1320 1574 κατὰ,

213 1626 281 1690 τοῦ
289 1613 525 1710 Βαῖμούνδου
539 1593 653 1690 πάλιν
675 1613 737 1689 ἵνα
763 1615 993 1709 σκεψόμεθα.
1022 1619 1199 1692 Proximis
1212 1621 1308 1693 foliis

214 1739 427 1840 quindecim
453 1741 661 1812 continetur
675 1739 843 1836 Epitome
868 1741 952 1811 libri
965 1737 1074 1833 x111.‚
1099 1742 1306 1816 hootituio:

210 1861 423 1939 ΑΛΕΞΙΑΟ
449 1861 853 1935 ΤΡΙΟΚΑΙΔΕΚΑΤΗ.
873 1864 1020 1936 Initium
1039 1879 1110 1937 esi:
1134 1863 1308 1952 Ἐξεπλά-

211 2013 327 2083 γησαν
351 1990 419 2080 μὲν
437 1981 503 2060 σύν
521 1983 681 2069 ἅπαντες
706 1987 774 2070 τὴν
794 1982 967 2086 ἀνδρείαν
983 1987 1048 2058 καὶ
1066 1989 1134 2070 τὴν
1151 1989 1306 2089 στερρό-

207 2137 308 2196 τητα
320 2115 382 2193 τῆς
401 2107 469 2182 τοῦ
485 2106 664 2208 βασιλέως
677 2103 816 2205 ψυχῆς·
842 2108 957 2190 αὐτὸς
972 2105 1014 2182 δὲ
1033 2109 1123 2180 τότε
1142 2109 1230 2207 πρὸς
1254 2113 1307 2182 τόν

207 2238 410 2329 μηνύματα
426 2239 547 2306 ἐκεῖνα
566 2232 611 2304 ov'
632 2231 926 2332 κατεφρόνησεν·
955 2230 1038 2303 ἀλλ’
1061 2227 1200 2306 ἔσωθεν
1224 2236 1308 2333 περὶ

210 2359 281 2429 τὸν
303 2361 479 2454 λογισμὸν
496 2356 615 2429 αύτσῦ
630 2357 770 2440 πολλὴν
782 2353 861 2456 εἶχε
878 2359 946 2440 τὴν
960 2359 1143 2458 ταραχὴν.
1183 2355 1303 2433 διελο-

211 2479 345 2578 γίσατο
366 2477 429 2554 σύν
452 2479 515 2554 ἰ’να
538 2479 665 2567 ἐξέλθῃ
692 2481 767 2554 άπὸ
792 2479 856 2565 τᾶς
876 2481 1031 2566 πόλεως·
1090 2483 1154 2555 καί
1181 2479 1306 2556 ταῦτα

210 2603 273 2677 καὶ
298 2609 337 2678 ἐν
362 2602 408 2703 τῇ
432 2603 538 2676 πόλει
562 2604 653 2676 τότε
685 2604 890 2702 πράγματα
925 2600 1019 2679 ὄντα
1050 2611 1219 2704 ταραχῆς
1249 2608 1306 2702 γε’-

211 2754 347 2822 μοντα·
398 2722 492 2821 ὅμως
516 2724 865 2830 ἐξασφαλισάμενος
889 2731 1005 2812 καλάς
1018 2730 1070 2801 τὰ
1094 2735 1209 2826 ἐντῷ
1233 2757 1304 2802 πα

211 2852 325 2949 λατίῳ
351 2851 414 2924 καὶ
447 2852 498 2923 τὰ
532 2857 596 2935 τῆς
619 2852 774 2938 πόλεως,
808 2851 871 2922 καὶ
900 2855 951 2936 εἰς
975 2845 1137 2952 φύλαξιν
1162 2859 1304 2927 τούτων

208 2975 438 3067 καταλείψας
469 2979 537 3049 τὸν
569 2977 683 3073 μέγαν
716 2975 930 3077 δρογγάριον
960 2985 1030 3050 τοῦ
1059 2979 1201 3052 στόλου
1234 2981 1303 3053 τὸν

210 3105 386 3200 εὐνοῦχον
408 3103 626 3175 Ευστάὲιον
652 3101 720 3176 τὸν
745 3101 977 3196 κυμενιανὸν·
1014 3103 1171 3178 καὶτὸν
1197 3109 1304 3188 Νικη-

209 3225 327 3328 φόρον
348 3226 417 3298 τοῦ
437 3220 590 3299 δεκανοῢ
611 3226 819 3321 λεγόμενον·
866 3223 991 3311 Ούτως
1013 3225 1203 3330 ἐξέρχεται
1226 3230 1303 3300 ἀπὸ

207 3355 270 3432 τῆς
295 3349 430 3432 πόλεως
455 3351 551 3444 μετὰ
577 3348 706 3445 ὀλίγων
731 3357 803 3424 τῶν
839 3347 958 3424 αὐτοῦ
982 3357 1177 3445 συγγενῶν,
1203 3351 1319 3424 κατά

145 3451 149 3475 ¹
207 3474 274 3554 τὴν
296 3475 439 3573 πρώτην
472 3480 542 3546 τοῦ
565 3475 773 3574 Νοεμβρίσυ
806 3477 933 3570 μηνὸς,
966 3471 1187 3560 ἱνδικτεῶνος
1210 3473 1303 3577 πρά-

207 3617 278 3681 της.
329 3598 392 3668 καὶ
422 3600 631 3698 ἀπέρχεται
662 3603 712 3682 εἰς
741 3601 788 3672 τὸ
820 3597 881 3686 ἔξω
914 3601 1106 3694 λεγόμενον
1139 3601 1301 3699 Γεράνιν.

206 3716 295 3793 ἔνθα
318 3719 483 3806 ἔστησαν
510 3727 551 3794 αἱ
580 3723 775 3822 βασιλικαὶ
791 3725 945 3798 κτένται.
1003 3730 1044 3798 In
1068 3727 1143 3798 fine
1169 3726 1302 3798 desunt

206 3849 391 3920 nonnulla.
446 3847 551 3940 Quae
576 3851 753 3950 enirnjbi
778 3853 961 3947 leguntur:
986 3851 1150 3948 Πρσσέτε
1178 3853 1301 3945 ὀμνύω

206 3967 267 4036 καὶ
293 3977 491 4068 σύμφωνά,
517 3974 562 4054 ὡς
585 3970 676 4043 όσαε
701 3973 824 4054 πόλεις
849 3971 912 4042 καὶ
937 3979 1056 4071 χῶραι
1082 4025 1091 4042 .
1121 4025 1129 4042 .
1158 4026 1166 4043 .
1195 4025 1231 4061 .,
1258 3997 1302 4048 ea

204 4117 281 4164 non
305 4095 399 4167 ultra
430 4098 676 4170 narrationem
709 4098 835 4172 Annae
869 4123 906 4195 p.
922 4093 1065 4169 [MD.
1101 4099 1298 4194 portinent.

205 4213 372 4316 Denique
399 4221 567 4322 Epitomo
589 4223 672 4298 libri
688 4223 744 4297 XI.
772 4225 958 4323 sequitur,
984 4235 1021 4296 et
1045 4223 1150 4296 titulo
1178 4236 1214 4294 et
1239 4245 1299 4294 oa-
