3102 4902
256 295 318 382 36
607 322 746 388 suune
783 309 1010 388 conuenae

215 463 218 480 ²
257 469 375 540 ἑαυτὸν
396 471 451 536 ἕπε’
476 473 532 556 τῆς
551 469 684 557 ὄσφύος.
727 469 783 537 καί
809 470 827 535 ὅ
846 476 905 552 μὲν
927 470 1029 554 εἴχετο
1047 468 1161 538 τούτου
1179 463 1276 556 aaut}
1295 471 1352 540 καί

225 609 228 618 v
256 569 432 653 ἐπιβαίνειν
465 573 613 652 ἐπειρᾶτο
635 574 693 635 τού
715 569 839 651 ναύτου,
873 571 890 632 ὁ
918 575 954 636 δὲ
978 569 1124 656 καθάπερ
1143 575 1258 658 θηρίον
1277 573 1348 636 ε’πι-

255 672 399 753 στρέψας
418 665 552 750 ἑαυτὸν,
575 673 727 737 ἑκκεντεϊν
749 668 802 734 διὰ
826 672 885 734 τοῦ
904 673 1014 755 Ιξίφους
1034 673 1194 754 ε’βούλετο.
1215 673 1257 736 ου’
1273 673 1350 752 μέν·

253 791 305 832 τοι
333 767 411 832 κακοὶ
447 764 659 850 enavigatione
682 769 768 856 αύτῷ
788 765 826 833 τὰ
849 769 1037 852 πράγματα,
1069 768 1124 835 ύεί
1138 794 1169 834 τι
1188 773 1248 834 τού
1267 767 1347 836 κατὰ

252 871 352 933 νῶτον
379 866 522 952 Τούρκου
556 870 762 950 λογιζομένου
796 872 852 934 καί
878 867 937 943 τὰς
966 864 1097 952 τρώσεις
1111 868 1376 955 -ἐκφεύγοντος.5

256 967 329 1032 ε’πεί
349 969 385 1032 aa
405 967 459 1032 καί
479 966 499 1050 ἡ
520 963 609 1044 δεξιοὶ
629 968 717 1054 αύτῷ
737 965 905 1052 ’ἀπειρήκει
925 970 1159 1048 κενεμβατοῦσιν
1181 967 1238 1032 καί
1255 969 1347 1034 αἰτεί-

253 1091 312 1130 πεν
334 1067 351 1129 ὁ
370 1065 528 1148 ἀθλητής,
550 1068 690 1130 ἐνταῦθα
721 1064 804 1148 πρὸς
823 1061 949 1130 ἅπασαν
968 1075 1063 1148 χεῖρα
1083 1067 1241 1148 πολεμίων
1261 1068 1349 1132 ἑνδέ-

256 1168 355 1228 ύωκεν
377 1161 503 1228 ἑαυτόν.
548 1164 580 1228 οἳ
598 1162 652 1229 καί
679 1163 910 1246 συλλαβόμενοι
930 1168 1043 1229 τούτου
1063 1161 1244 1249 καίόῗοπερ
1264 1167 1348 1248 μέγα

255 1267 350 1337 κύβος
368 1263 549 1346 Δοἰρύμενοι,
579 1265 775 1344 κομίζουσιν
790 1261 922 1352 Ἀλεξίηι
944 1266 988 1351 τῷ
1009 1265 1182 1352 Κομνηνρῖ,
1205 1257 1242 1327 ού
1263 1260 1347 1330 πάνυ

254 1364 360 1442 μέντοι
380 1365 571 1448 πορρωτέρω
593 1360 801 1445 καθεστηκότι
819 1365 875 1444 τῆς
901 1365 961 1426 τού
977 1365 1153 1445 Βρυεννίου
1178 1357 1395 1444 ἁλύσεως,το

255 1453 435 1528 ἐκτάσσοντι
457 1463 492 1524 δὲ
519 1460 575 1536 τοὶς
591 1485 625 1524 τε
645 1465 707 1526 τῶν
735 1461 908 1542 βαρβάρων
928 1459 1061 1536 καὶτὰς
1082 1455 1198 1528 ἑαυτοῦ
1220 1458 1347 1547 φύλαγ·

167 1569 201 1621 V.
217 1584 313 1641 ιηγας
332 1562 388 1622 καί
406 1557 483 1644 πρὸς
503 1556 557 1624 τὸν
577 1558 712 1640 πόλεμον
730 1561 920 1642 ἑρεθίζοντι.
961 1557 1016 1625 καί
1035 1560 1186 1645 πρότερον
1206 1561 1266 1641 μὲν
1288 1558 1346 1624 ted

173 1665 201 1715 P.
217 1668 345 1723 ιθτινων
373 1655 518 1742 κηρύκων
538 1658 595 1741 τὴν
627 1653 745 1722 ἅλωσιν
765 1657 823 1721 τοῦ
845 1655 961 1742 α’νιλρός
979 1660 1213 1741 διεπέμψαντο,
1236 1657 1346 1725 ἔπειτα

252 1756 366 1822 ata-aei
382 1754 480 1822 αύτύν
504 1759 683 1839 παριστῶσι
705 1761 748 1844 τῷ
769 1762 945 1846 στρατηγῷ,
964 1760 1073 1840 θέαμα
1091 1739 1185 1834 ὄντας
1207 1754 1346 1845 φοβερὸν

253 1859 309 1922 καί
330 1859 528 1938 πολεμοῦντα
549 1857 605 1919 καί
619 1855 834 1936 ἁλισκόμενον.
879 1849 964 1920 ούτω
985 1859 1044 1938 μὲν
1066 1849 1197 1923 ούντύν
1219 1857 1393 1940 Bovis-15

251 1979 318 2022 νιον
340 1957 385 2030 εἰς
416 1963 529 2039 χεῖρας
557 1952 641 2037 ἔχων
662 1953 679 2018 o‘
703 1953 870 2039 Κομνηνός
897 1953 1056 2036 Ἀλέξιος,
1088 1957 1280 2042 δορύκτητον
1299 1957 1346 2040 τῷ

250 2053 382 2137 βασιλεῖ
399 2058 549 2134 ἐκπέμπει
569 2052 765 2142 Βοτανειύτη
776 2103 786 2135 ,
816 2045 917 2137 μηδὲν
936 2059 1045 2135 μέντοι
1065 2055 1282 2139 λυμηνάμενος
1302 2049 1342 2118 τύ

210 2213 223 2233 Α,
251 2147 381 2235 ὄμματα
402 2151 483 2228 ὅλως
505 2152 522 2216 ὅ
544 2152 635 2238 α’νήρ.
680 2153 719 2216 ού
740 2152 801 2237 γὰρ
820 2146 858 2238 ἦν
875 2154 1015 2227 τοιοῦτος
1034 2152 1242 2238 ὄΙίομνηνός,
1264 2147 1343 2218 ιύοττ

248 2253 330 2334 μετὰ
353 2252 410 2338 τὴν
449 2249 568 2318 ἅλωσιν
589 2255 816 2334 ἑπεξέρχεοθοι
849 2262 916 2328 τοῖς
936 2254 984 2317 ἐπ’
1006 2253 1108 2317 αύτὸν
1125 2256 1342 2332 καταστᾶσιν,

250 2353 318 2414 αλλ’
338 2355 383 2427 εἰς
397 2359 552 2434 τιμωριάν
573 2350 715 2436 ου’τύρκη
735 2348 860 2432 ἐνόμιζε
874 2349 931 2434 τήν
952 2354 1012 2415 τὸύ
1032 2356 1183 2432 πολεμίου
1208 2345 1338 2416 ἅλωσιν·
1350 2369 1390 2414 κο

248 2448 287 2512 τύ
320 2452 351 2513 δ’
375 2455 521 2516 ἐντεῦθεν
551 2454 792 2534 φιλανθρωπίαι
812 2474 847 2514 τε
874 2449 929 2516 καὶ
949 2450 1187 2539 φιλοφροσύναι
1208 2451 1263 2514 καί
1286 2475 1340 2536 φι-

220 2551 376 2630 Βλοτιμία
397 2548 504 2634 πολλή.
548 2544 624 2633 ὅπερ
648 2553 706 2614 κείν
725 2551 771 2638 τῷ
793 2548 954 2638 Βρυεννίφ
976 2551 1160 2626 ἐνεδείξατο.
1203 2547 1340 2634 καὶγὰρ

249 2645 358 2715 ἱκανὸν
381 2644 470 2737 αύτῷ
487 2646 566 2730 μετὰ
587 2645 645 2740 τῂν
665 2645 784 2716 ύλωσιν
799 2647 1039 2736 συμπορευθείς
1062 2648 1234 2734 διάστημα,
1258 2646 1339 2714 ineis

319 2834 345 2902 i.
363 2853 391 2888 τι
408 2836 443 2899 Δ,
462 2851 507 2888 τοι
528 2835 564 2898 P,
581 2851 633 2886 om.
651 2835 686 2890 G.
757 2835 783 2888 5.
800 2835 891 2890 νώτου
911 2835 944 2886 G.
1014 2837 1195 2906 λογιζομένου
1211 2835 1238 2886 Ρ.
1298 2835 1338 2888 18.

318 2903 389 2966 ὅλως
406 2921 450 2956 om
477 2907 520 2968 G,
535 2906 623 2977 μηδέν
640 2924 667 2958 τι
684 2904 880 2979 λυμηνάμενος
899 2905 989 2978 {aurei
1016 2905 1064 2963 τού
1084 2907 1214 2979 σώματος
1231 2903 1247 2960 ὅ
1264 2901 1337 2974 ἀνήρ

317 2979 348 3040 A.
367 2994 402 3028 aa
420 2976 457 3048 τη]
476 2975 581 3048 sirini?

247 3149 301 3204 qua
318 3132 431 3186 firmiter
447 3132 488 3187 ibi
505 3131 711 3186 adhaeresceret
732 3141 762 3186 et
778 3138 881 3203 tergum
899 3133 1059 3186 inscendere
1077 3133 1218 3199 niteretur,
1235 3133 1337 3200 Bryen-¹

246 3205 308 3262 nius
328 3214 359 3257 ut
383 3203 465 3254 belua
481 3221 541 3256 sese
560 3213 736 3269 convertens,
765 3205 908 3274 perfodere
926 3222 988 3256 eum
1008 3203 1098 3273 gladio
1120 3205 1225 3270 votuit;
1244 3220 1335 3272 neque

245 3283 337 3328 tamen
356 3292 389 3326 ex
409 3276 602 3326 sententiares
621 3277 714 3338 cessit,
732 3293 793 3326 cum
808 3277 896 3328 Tusca
914 3293 985 3345 pone
1007 3283 1109 3343 tergum
1135 3291 1240 3345 semper
1257 3275 1336 3340 ictus,

245 3346 378 3400 inclinato
397 3362 519 3414 corpore,
539 3347 659 3398 evitaret.
679 3346 796 3415 denique
808 3347 906 3398 lassata
928 3347 1022 3397 dextra
1036 3345 1170 3398 iactandis
1187 3347 1217 3396 in
1235 3362 1335 3397 vanum

245 3416 369 3480 ictibus,
403 3417 633 3482 cum.Bryennius
657 3416 827 3486 desperaret,
854 3418 883 3468 ia
906 3417 1023 3484 mediam
1047 3434 1075 3468 se
1092 3417 1212 3468 hostium
1227 3414 1335 3468 turbans

245 3487 354 3552 iniecit3
373 3489 421 3556 qui
441 3486 663 3556 comprehensum
682 3487 833 3550 hominem,
852 3488 929 3540 velut
948 3505 1070 3555 magnam
1089 3489 1202 3557 gloriam
1219 3486 1334 3555 adepti,

245 3557 281 3608 ed
299 3558 425 3610 Alesiam
446 3557 611 3609 Comnenum
632 3557 785 3622 ducebant,
809 3559 857 3626 qui
880 3557 955 3610 haud
979 3559 1075 3626 precati
1099 3558 1194 3610 aberat
1218 3565 1247 3609 et
1271 3573 1335 3608 suos

244 3627 450 3697 Tuscorumque
479 3628 588 3680 ordines
617 3628 769 3682 instruebat
797 3638 879 3697 atque
908 3627 943 3679 ad
972 3646 1090 3696 pugnam
1113 3626 1253 3680 incitabat.
1266 3627 1335 3678 iam-

245 3715 299 3768 que
329 3699 481 3767 praemissis
514 3699 616 3751 nuntiis
635 3700 676 3751 illi
701 3699 736 3750 de
758 3707 837 3768 capto
855 3698 986 3765 Bryennio
1013 3701 1154 3751 certiorem
1174 3715 1236 3760 eum
1260 3697 1335 3750 fece·

244 3776 321 3832 rent;
341 3785 404 3820 mox
421 3770 509 3837 ipsum
524 3769 712 3834 adducebant,
730 3769 777 3839 qui
793 3769 923 3820 terribilis
943 3787 1007 3820 asne
1025 3770 1154 3840 adspectu
1170 3777 1198 3822 et
1209 3785 1335 3839 pugnans

244 3839 388 3891 etvinctus
406 3848 471 3890 erat.
490 3840 540 3892 tali
560 3839 641 3892 modo
661 3849 769 3910 captum
787 3841 950 3906 Bryennium
963 3840 1072 3892 Alexius
1089 3839 1125 3892 ad
1141 3840 1334 3909 imperatorem

244 3909 323 3962 duxit
335 3910 517 3974 Botaniatesn,
536 3909 606 3968 nihil
627 3912 736 3962 omnino
751 3911 855 3962 afflictis
874 3909 959 3963 oculis
982 3911 1049 3964 eius.
1065 3928 1121 3964 non
1138 3911 1211 3962 enim
1232 3912 1254 3962 is
1275 3917 1334 3960 erat

242 3989 322 4050 pater
339 3981 483 4050 meus,qui
503 3982 588 4050 captis
606 3980 732 4034 hostibus
748 3981 900 4043 insultaret,
921 3979 970 4032 sed
986 3981 1022 4032 ad
1041 3999 1158 4052 poenam
1167 3981 1232 4034 eatis
1247 3979 1334 4050 capti-

241 4051 357 4104 vitatem
378 4049 508 4114 discebam
527 4054 691 4120 quinimmo
710 4052 922 4120 postvictoriam
934 4069 1030 4122 magna
1050 4054 1079 4104 in
1100 4068 1146 4105 eos
1160 4060 1218 4104 erat
1234 4050 1333 4122 buma-

241 4123 331 4174 nitate
350 4130 378 4174 et
395 4119 567 4190 benignitate
586 4132 614 4174 et
630 4123 823 4176 munificentia.
840 4123 925 4192 idque
944 4125 1026 4178 etiem
1040 4124 1069 4174 in
1088 4123 1221 4190 Bryennio
1239 4129 1333 4174 osten-

242 4189 295 4246 dia
312 4209 375 4250 naen
385 4191 512 4246 absolute
522 4193 580 4250 ‹isn
593 4210 653 4248 cum
666 4209 699 4246 eo
711 4194 775 4246 satis
794 4193 875 4264 longo
890 4193 1007 4260 itinere,
1027 4193 1075 4248 nbi
1095 4192 1131 4246 ad
1151 4193 1241 4248 locun
