3102 4902
227 329 280 392 Xll
552 323 746 390 LUDOVlCl
778 321 977 386 SCllOPENl

128 559 131 570 Ι
228 471 423 567 pleraque,
447 493 490 542 ac
510 494 631 567 prope
657 466 809 540 dixerim
837 468 983 558 omnia,
1012 465 1228 564 praestantia
1252 491 1315 539 sara

231 617 269 664 se
293 592 566 688 commendant,
589 605 625 663 et
645 592 817 688 utLangii
840 590 995 686 suspicio
1013 588 1066 660 dc
1091 588 1315 664 codicistte-

229 713 324 786 dicei
347 729 462 787 aetate
489 715 715 788 ambitiosior
728 715 773 785 sit
798 738 908 810 quam
934 713 1065 805 verior,
1082 725 1207 784 tamen
1230 714 1315 784 reli-

232 839 314 934 quis
340 862 423 910 eum
450 851 486 910 et
497 849 670 910 vetustate
696 849 732 906 et
754 839 974 934 optimarum
998 836 1197 908 lectionum
1219 836 1314 906 mul-

227 962 382 1034 titudine
419 962 649 1054 antecellere,
682 984 738 1032 res
760 961 841 1056 ipsa·
861 959 989 1055 docet3
1026 973 1067 1030 ut
1091 977 1315 1054 magnopere
1387 981 1388 984 ’

227 1082 428 1156 dolendum
444 1082 640 1175 ,videntum
674 1081 858 1154 Gronorio
892 1083 1004 1153 totius
1028 1081 1113 1152 libri
1139 1083 1315 1154 curiosius

165 1250 175 1274 .
227 1207 431 1280 excutiendi
459 1208 573 1280 otium
587 1206 765 1278 defuisse.
816 1205 869 1274 De
895 1204 1029 1298 altero,
1055 1227 1130 1300 quo
1152 1227 1238 1276 usus
1257 1218 1316 1275 ¹est

228 1327 375 1420 codice,
400 1325 489 1398 illud
513 1340 653 1400 tantum
679 1339 830 1418 constat,
856 1325 944 1400 olim
968 1347 1052 1396 cum
1075 1325 1183 1398 luisse
1197 1325 1314 1398 Lucae

225 1448 411 1520 llolstcuii.
463 1449 635 1547 Reliqua,
666 1473 759 1546 quae
779 1447 832 1548 ‚ad
852 1446 1048 1520 certiorem
1070 1447 1238 1524 notitiam
1263 1452 1314 1524 la·

226 1573 341 1666 ciant,
367 1571 480 1645 hodie
514 1575 553 1645 in
586 1576 745 1646 obscuro
766 1562 860 1644 stant.
919 1571 992 1644 Nec
1014 1583 1139 1646 tamen
1165 1563 1208 1646 eir
1233 1577 1317 1672 ipso'

225 1693 457 1792 Apographo,
481 1721 575 1792 quae
598 1697 675 1768 cius
699 1695 815 1770 forma
840 1709 878 1767 et
903 1695 1067 1770 conditio
1095 1696 1213 1792 luerit,
1237 1723 1315 1775 non

225 1817 469 1889 coniecturam
501 1843 631 1914 capere
662 1820 756 1890 licet.
817 1818 883 1890 Ac
904 1820 1064 1915 primum
1103 1821 1254 1917 quidem
1284 1823 1313 1894 is

225 1939 339 2012 codex
361 1943 517 2016 maxima
541 1945 622 2015 libr.
637 1945 662 2014 Ι.
685 1958 787 2040 parte
813 1945 968 2031 mutilus
984 1944 1067 2038 luit,
1093 1945 1313 2042 initiumque

225 2063 346 2158 duxit,
371 2091 486 2163 aeque
512 2091 554 2138 ac
580 2065 835 2162 coislinianus,
861 2068 1020 2140 acerbis
1046 2066 1194 2140 demum
1216 2068 1314 2162 μᾶλ-

223 2185 289 2256 λον
314 2193 448 2260 τοῦτον
482 2203 549 2260 ete.
575 2215 611 2286 p.
633 2193 692 2284 75,
718 2196 775 2262 12.
812 2189 1016 2263 Gronovius
1051 2205 1147 2264 certe
1179 2193 1225 2264 ab
1255 2191 1313 2264 his

222 2310 359 2403 verbis,
386 2313 519 2408 quibus
544 2312 752 2409 rlpograpbi
775 2313 901 2384 lolium
915 2321 976 2387 20·
1002 2315 1144 2412 incipit,
1170 2315 1312 2389 Alexia-

225 2430 310 2505 dcm
337 2433 541 2506 describere
556 2437 733 2531 ingressus
758 2449 819 2505 est.
846 2435 958 2528 Quod
981 2437 1167 2531 veredici,
1190 2453 1314 2509 osten-

226 2554 282 2626 dit
308 2558 514 2652 clarissime,
537 2571 579 2628 ut
601 2557 833 2651 aliataecam,
857 2558 1057 2628 litterarum
1082 2559 1203 2652 series,
1229 2560 1314 2654 qui-

223 2682 292 2754 bus
327 2682 413 2754 lolia
449 2695 581 2754 octona
613 2682 775 2779 signavit.
833 2677 1024 2778 Siquidem
1058 2679 1147 2752 illud
1170 2682 1315 2777 ipsum,

227 2804 331 2900 quod
357 2805 444 2899 dixi,
469 2806 596 2894 lolium
619 2807 744 2878 subtus
768 2804 969 2878 litteramrl
997 2806 1099 2902 quasi
1126 2804 1315 2878 custodem

224 2927 346 2998 habet.
373 2927 475 3020 Quae
497 2926 828 3026 praecedunt-lolia
841 2927 969 3000 decem
993 2942 1029 2998 et
1051 2953 1205 3020 novem,
1231 2930 1314 3000 nul-

224 3051 269 3122 lis
293 3050 461 3150 insignita
486 3053 633 3147 litteris,
659 3077 700 3124 ea
720 3039 925 3124 Gronovius
947 3065 1025 3122 tum
1051 3048 1205 3146 addidit,
1230 3075 1314 3124 curn

225 3177 426 3249 Florentiae
448 3192 574 3250 nactus
589 3193 682 3250 esset
700 3175 866 3250 codicem
892 3176 1078 3273 aliquanto
1101 3177 1312 3247 auctiorem.

224 3302 344 3398 Atque
369 3305 420 3375 sic
448 3303 581 3376 lactum
611 3317 675 3397 est,
702 3285 847 3400 opinor,
872 3313 913 3373 ut
936 3279 1028 3372 haec
1052 3299 1158 3394 folia,
1184 3323 1315 3396 quem-

191 3409 194 3415 ’
226 3422 427 3498 admodum
453 3451 560 3524 supra
586 3427 730 3519 monui,
755 3426 890 3498 nullam
915 3447 1063 3522 prorsus
1088 3421 1315 3494 codicisllle·

226 3547 320 3620 dicei
361 3547 642 3648 discrepantiam
681 3550 899 3648 adscriptam
940 3550 1110 3621 habeant.
1168 3548 1315 3620 Initium

225 3683 346 3742 alitem
374 3674 598 3755 Holsteniani
632 3675 787 3772 exempli
823 3675 932 3746 ctiam
956 3697 1135 3771 perquam
1159 3673 1316 3744 mendo-

225 3795 457 3891 sum‘luisse,
484 3799 742 3896 Apographum
756 3799 844 3872 item
859 3799 984 3896 arguit.
1036 3799 1230 3894 Apponam
1255 3797 1317 3868 hic

224 3919 334 3990 verba
341 3971 353 4013 ,
390 3921 511 4018 qualia
551 3923 719 4019 primitus
751 3947 792 3998 a,
809 3920 995 3994 Gronovio
1040 3921 1173 4018 scripta
1209 3933 1316 3991 sum:
1417 4014 1418 4017 Ἴ

224 4042 368 4132 μᾶλλον
392 4048 528 4115 τοῦτον
558 4043 758 4124 κατέτλους
784 4046 922 4114 ἐκείνου
929 4097 940 4132 ,
967 4037 1048 4135 ἅμα
1072 4044 1138 4136 μέν
1163 4039 1225 4111 καὶ
1250 4038 1316 4121 τὴν

224 4160 415 4263 ταχίστην
436 4169 617 4246 κέλευθον.
632 4169 933 4268 προαιρούμενος·
989 4161 1069 4263 ἅμα
1095 4161 1137 4242 δὲ·
1152 4164 1232 4242 ¹aori,
1248 4165 1316 4246 τὴν
1411 4205 1416 4212 «
