3102 4902
583 312 824 380 PRAEFATIO.
1180 321 1249 382 xlx

156 453 405 557 magnitudine
428 453 531 528 laeile
547 457 657 555 triplo
672 457 803 531 maiori
825 469 888 530 est.
914 457 1057 562 Etenim
1082 460 1148 556 qui
1161 459 1248 558 Epi-

152 598 280 656 tomen
306 581 458 677 pararit,
485 607 562 653 non
587 583 719 678 solum,
743 595 785 653 ut
808 579 1017 656 Alexiadem
1041 583 1082 656 in
1103 584 1248 656 brevius

152 707 403 799 contraheret,
430 729 580 802 operam
607 704 729 799 dedit,
753 705 819 780 sed
844 706 959 778 multo
984 707 1110 804 magis,
1132 722 1176 781 ut
1200 734 1247 780 ne

153 830 245 928 quid
267 843 487 926 excerperet,
510 828 614 926 quod
635 831 813 904 lectorum
838 855 968 927 parum
993 831 1168 903 interfore
1192 833 1248 906 vi-
1311 845 1318 866 ¹

152 955 309 1028 deretur.
369 959 497 1050 Itaque
539 967 617 1026 tota
651 953 807 1028 subinde
846 955 966 1052 capita
1004 954 1179 1048 resecuit,
1212 969 1249 1028 et

155 1078 355 1175 quominus
397 1076 578 1172 desectus,
614 1078 741 1150 hiante
790 1079 976 1175 oratione,
1012 1093 1249 1176 apparerent,

146 1202 259 1272 etiam
275 1185 582 1298 verbacontigua,
607 1198 721 1273 modo
739 1201 896 1298 parcius,
911 1200 1025 1273 modo
1040 1203 1247 1296 violentius,

152 1322 440 1420 conglutinando
458 1324 703 1421 interpolavit,
728 1349 812 1397 cum
838 1327 1144 1425 ceterapleraque
1170 1350 1248 1397 ser-

150 1447 287 1519 vaverit
324 1448 481 1544 integra,
516 1448 632 1520 rntdto
674 1461 771 1520 certe
801 1448 922 1522 minus
965 1449 1035 1522 sibi
1067 1449 1249 1544 licentiae,

153 1595 263 1668 quam
290 1569 543 1644 Gronovianus
579 1571 665 1666 iste,
700 1572 880 1644 sumserit.
931 1571 996 1644 Vix
1022 1585 1142 1644 autem
1168 1597 1248 1644 ere-

155 1692 291 1766 diderit
315 1695 533 1792 quisquam‚
558 1719 671 1792 quam
693 1695 824 1769 misere
855 1693 1056 1770 deformata
1080 1697 1248 1794 Epitome

150 1817 208 1890 illa
241 1814 289 1890 ad
323 1802 392 1890 nos
422 1819 640 1915 pervenerit.
700 1819 803 1894 Nulla
836 1821 936 1894 enim
967 1820 1079 1892 lerme
1115 1821 1247 1918 pagina

150 1939 321 2016 editionis
345 1941 630 2014 Hoescbelianae
664 1955 737 2036 est,
770 1968 884 2041 quae,
916 1956 958 2016 ut
982 1945 1051 2018 alia
1075 1945 1247 2022 vitiorum
1351 1927 1353 1940 Α

147 2087 281 2161 genera
306 2064 496 2158 omittam,
529 2091 607 2160 non
636 2079 709 2137 tres
743 2080 900 2162 quatuor
930 2067 1077 2140 lacunas
1101 2068 1246 2140 habeat.

151 2190 214 2275 Vel
234 2191 286 2264 sic
310 2203 436 2270 tamen
461 2192 644 2286 egregium
659 2189 706 2262 ad
726 2203 842 2264 textus
862 2190 1157 2264 emendationem
1180 2191 1247 2263 ad·
1305 2199 1310 2210 '

150 2313 364 2384 minicnlum
388 2315 528 2386 censeri
554 2311 675 2386 debet.
711 2314 881 2386 Possinus
895 2312 1047 2412 quidem
1070 2315 1155 2388 satis
1178 2315 1246 2404 hae

149 2437 250 2531 buit,
274 2435 454 2508 Alexiadis
477 2437 762 2532 Praelationem,
795 2463 889 2535 quae
923 2438 961 2510 in
986 2439 1157 2511 omnibus
1181 2465 1247 2510 co-

150 2559 292 2632 dicibus
327 2558 447 2655 deest,
479 2559 567 2634 inde
600 2585 744 2634 sumere
751 2587 763 2657 3
803 2563 944 2658 reliqua
969 2585 1016 2633 ne
1042 2560 1245 2658 adspexisse
1323 2595 1325 2601 κ

151 2683 303 2782 quidem
338 2683 491 2756 videtur.
555 2685 628 2782 Ego
663 2711 749 2758 vero
788 2699 955 2758 accurato
986 2686 1062 2757 eius
1093 2709 1161 2756 usu
1186 2681 1245 2756 di-

150 2789 241 2902 dici,
267 2809 405 2881 nullum
430 2809 534 2882 facile
560 2809 727 2886 codicem
753 2832 850 2904 esse,
877 2810 948 2888 ,cui
974 2809 1078 2884 Anna
1102 2823 1245 2882 tanturn

152 2931 306 3026 debeat,
333 2947 512 3030 qnantum
532 2935 621 3036 huie
643 2935 853 3031 Epitomae3
880 2934 1019 3030 quippe
1046 2957 1141 3030 quae
1166 2934 1244 3004 sola

151 3081 226 3127 non
250 3055 365 3130 modo
391 3059 558 3130 lectionis
572 3059 761 3132 veritatem
783 3058 989 3155 saepissime
1006 3071 1161 3150 tueatur,
1183 3081 1244 3128 re-

149 3203 229 3251 rum
256 3181 365 3252 etiam
391 3183 513 3278 plura,
545 3206 640 3279 quae
672 3183 799 3257 mutila
833 3183 1000 3279 leguntur
1032 3182 1072 3252 in
1093 3180 1243 3275 reliquis

149 3303 269 3398 libris,
292 3329 378 3378 sana
403 3319 439 3378 et
463 3307 604 3404 integra
625 3307 803 3381 exhibeat.
857 3303 1024 3379 Ceterum
1048 3329 1131 3374 cunr
1146 3304 1242 3374 Hoe-

149 3427 305 3498 schelius
331 3428 497 3502 codicem
523 3431 790 3529 Augustanum,
822 3443 864 3502 ut
897 3455 940 3502 ex
971 3426 1243 3525 speciminibus,

149 3574 170 3622 a
205 3551 387 3625 Friderico
418 3553 769 3649 Windischmanuo,
801 3553 898 3628 Prol«
932 3550 1162 3644 Monacensi,
1195 3548 1244 3620 ad

148 3699 209 3746 me
234 3675 373 3770 missis,
397 3679 572 3775 cognovi,
587 3663 671 3752 'non
696 3704 760 3774 ea,
786 3703 860 3777 qua
884 3701 950 3775 par
975 3687 1062 3768 erat,
1089 3672 1244 3770 diligen-

148 3797 199 3868 tia
222 3799 444 3894 eontulisset,
468 3827 647 3900 perquam
670 3817 877 3901 opportune
899 3799 1044 3892 accidit,
1063 3811 1104 3870 ut
1128 3799 1243 3902 bene-

149 3919 233 3993 ficio
259 3922 381 3995 Tafelii
414 3924 453 3996 V.
483 3923 520 3996 C.
547 3927 805 4024 Apographnm
835 3926 1062 4000 nanciscerer
1095 3944 1242 4005 accurass

150 4044 244 4138 tius,
270 4047 373 4143 quod
398 4050 437 4120 in
459 4050 685 4126 Bibliotheca
697 4049 917 4154 Tubingensi
943 4059 1150 4122 asservatur·
1173 4045 1242 4116 Ex-

154 4170 311 4264 emplum
348 4174 438 4249 illud
462 4173 707 4271 rlugrrstanum
731 4175 878 4271 triginta
910 4174 1075 4274 quinque
1115 4167 1241 4258 annis,
