3102 4902
627 337 869 404 PRAEFATIO.
1231 343 1302 404 ΧΙΙΙ

217 495 337 594 ρηίοην
361 500 413 590 τῷ
436 496 558 592 στόλῳ
585 498 889 596 περιποιούμενος.
941 494 1015 564 Καὶ
1041 494 1120 596 γὰρ’
1127 497 1309 595 χειμέριος

212 605 301 704 ἦνῆ
327 615 403 719 άρα
419 619 520 692 καὶὸ
546 614 644 704 ἥλιος
663 618 752 718 πρὸς
767 619 854 699 τοὺς
878 614 1020 699 νοτίους
1045 619 1195 701 κύκλους
1220 623 1308 702 ἀπε,-

211 743 433 836 λαυνύμενος
467 741 530 813 καὶ
563 739 614 838 τῷ
647 745 858 838 αἰγοκέρωτι
896 739 1105 830 πλησιάζων
1128 743 1306 836 ύπέτεμνε

209 869 261 939 τὰ
285 868 471 966 ἡμεράσια
496 863 752 962 διαστήματα.
810 863 854 938 ίν’
882 862 947 939 οὖν
972 868 1021 960 μὴ
1047 863 1083 953 ἐξ
1108 862 1305 967 ὑδροῦντος

209 991 281 1089 ἀφ’
301 985 339 1074 ἧς
375 979 578 1091 οίρχομένης
615 989 751 1091 ἡμέρας
785 993 1033 1075 ναυπλωήσειε
1057 991 1120 1062 καὶ
1142 989 1304 1065 κλύδωσι

207 1114 290 1188 τισὶ
314 1115 623 1214 προσπιλάσειεν,
645 1115 703 1188 έπί
726 1116 773 1187 τὸ
796 1110 1000 1218 δτῤῥάχιον
1025 1119 1064 1188 ἐκ
1087 1115 1302 1214 βρεντησίου

207 1233 305 1320 ὅλοις
345 1233 479 1318 ἱστίοις
514 1235 764 1334 α’πενεχὲλῆναι
801 1237 1061 1335 ἐβουλεύσατο.
1124 1238 1176 1308 τὰ
1210 1243 1302 1330 μήκη

204 1359 272 1458 γὰρ
297 1352 366 1430 τοῦ
388 1353 644 1450 διαστήματος
666 1361 834 1430 ἐνταῦθα
867 1353 1121 1452 συνετέμνετο·
1134 1365 1299 1434 ἐπισεσυ-

203 1480 314 1575 μένου
344 1485 414 1553 τοῦ
436 1474 672 1578 λΑδριατικοῦ
704 1480 881 1574 πελάγους
913 1483 1036 1552 ἐκεῖθι.
1088 1486 1143 1554 Ού
1173 1481 1300 1578 μέντοι

203 1603 290 1678 οὐδὲ
316 1605 384 1678 τὸν
409 1604 491 1676 υίὸν
525 1602 676 1703 Ροχέρην
700 1604 858 1677 κατόπιν
884 1601 1015 1708 α’πείλη
1045 1609 1214 1708 καθάπερ
1239 1609 1298 1707 βε-

201 1729 362 1826 βούλητο
384 1727 459 1798 ἀπὸ
476 1720 580 1808 ληίας
605 1728 902 1826 κεχειροτονηκὼς
922 1727 1046 1827 κυρίου
1067 1757 1147 1825 μου.
1207 1732 1298 1803 Επεὶ

202 1857 267 1924 οὐκ
291 1847 380 1924 οἶδα
403 1855 475 1932 πῶς
501 1852 550 1932 εἰς
569 1844 633 1922 οἷα
659 1846 748 1937 δοξα
769 1852 882 1926 πάλιν
908 1854 1027 1926 αὐτὸν
1050 1855 1297 1950 συνετυπόμε-

200 2003 265 2050 νον
289 1971 384 2074 εἶχε
441 1971 580 2069 μεταξὺ
614 1972 655 2047 δέ
689 1975 778 2072 πρὸς
802 1977 849 2047 τὸ
881 1972 1082 2074 δορράχιον
1108 1978 1295 2051 ἀπέπλεον

199 2102 267 2183 τὴν
289 2127 331 2173 τε
353 2098 501 2199 κορυφαί
524 2097 634 2173 πόλιν
660 2100 909 2197 ὀχυρωτάτην,
934 2096 976 2182 ἢν
1002 2098 1086 2172 ἀλλ’
1111 2100 1295 2195 ἀπομένας

198 2228 379 2326 φρούργος
393 2220 429 2310 ἐξ
446 2223 661 2305 ἀποστολην
674 2224 916 2321 κατήρχοντο.
953 2229 1004 2294 Εκ
1030 2218 1071 2296 δέ
1092 2227 1161 2296 τού
1184 2223 1293 2320 γύροο

198 2347 408 2442 πεκτελόγμ
426 2347 589 2445 βάρσοος
604 2343 667 2416 ’καὶ
684 2343 868 2428 ἀπουσίας
880 2341 939 2434 άν,
965 2347 1065 2417 ἀλλὰ
1078 2348 1295 2441 μεμέμουσι,

198 2469 261 2541 καὶ
285 2451 355 2552 τὴν
373 2469 499 2569 χώραν
514 2469 811 2570 ἀργυροκοίστρον
832 2470 1073 2570 κατέτρωσαν
1098 2468 1160 2539 καὶ
1183 2483 1295 2568 φορο-

195 2587 636 2692 λογήσαςπροσδοκησίας
648 2592 712 2663 καί
726 2599 778 2689 τῷ
793 2589 978 2693 δυρραχίῳ
991 2595 1294 2695 προσεσχηκέναι.

194 2718 335 2796 Σοῦκας
361 2711 403 2786 δέ
429 2715 660 2797 ὁπηνικαῦτα
683 2716 865 2814 ἐτύγχανε
890 2716 1031 2798 παντὸς
1055 2724 1126 2788 τοῦ
1149 2717 1293 2814 Ιλλυρι-

193 2833 257 2911 κοῦ
277 2840 561 2940 στρατεύματος
581 2840 602 2910 ὁ
620 2839 886 2936 μονομαχοίτος
901 2840 1004 2939 παρὰ
1026 2847 1096 2912 τοῦ
1109 2842 1292 2940 αὐτοκρά-

192 2989 300 3062 τορος
321 2963 500 3060 βασιλέως
525 2967 643 3035 αὐτοῦ
667 2963 903 3046 ἀποσταλείς.
967 2964 1129 3062 καίτοιγε
1151 2971 1294 3065 πρῶτον

192 3089 260 3170 την
282 3089 498 3172 α’ποστολην
514 3089 769 3183 ἀπεπέμπετο,
795 3088 859 3161 καὶ
872 3096 1079 3174 τηνικαῦτα
1103 3084 1146 3175 ἦν
1171 3093 1209 3162 έν
1233 3086 1294 3160 πί-

197 3235 280 3282 στει
300 3211 359 3282 ἐπὶ
376 3217 439 3294 τῆς
453 3212 522 3294 τὴν
534 3209 768 3309 λειθοοργίαν
785 3211 930 3296 ταύτην
953 3263 1291 3285 ..........

192 3334 255 3406 καί
281 3327 408 3406 δούλοι
432 3338 501 3404 τού
524 3334 790 3433 αὐτοκράτορος
817 3384 1160 3406 ..........
1186 3331 1293 3428 βυορ-

190 3459 291 3553 χῖλος
323 3483 364 3530 τε
399 3458 463 3529 καί
492 3457 677 3556 Γερμανὸς
707 3457 902 3542 ἑστηκότες
934 3463 985 3552 τῷ
1020 3456 1291 3553 Μονομαχοίτῳ

191 3581 253 3652 καί
279 3579 336 3654 αἐλ
354 3609 394 3653 τι
415 3575 539 3657 ’δεινὸν
565 3589 660 3682 εἶρον
681 3583 777 3681 κατ’ι
792 3582 911 3655 αὐτὸν
933 3585 1143 3664 ἐννοοῦντες
1168 3585 1298 3652 κατεῖ,

192 3733 261 3780 πον
287 3707 405 3778 αὐτὸν
430 3709 522 3806 πρὸς
547 3707 615 3780 τὸν
640 3707 899 3804 αὐτοκράτορα
923 3706 1173 3805 συρράψαντα
1197 3699 1292 3775 ὅπου

194 3855 236 3900 τε
257 3830 319 3902 καὶ
343 3829 582 3928 βεβούλοιντο
608 3829 671 3900 καί
694 3834 879 3900 τοσοῦτον
903 3824 1104 3927 ἐνέφλεξαν
1128 3828 1197 3898 τὸν
1222 3830 1292 3917 τοῦ
1394 3905 1400 3910 ,

194 3952 372 4051 βασιλέως
403 3953 484 4023 κατ’
520 3957 639 4024 αὐτοῦ
672 3953 795 4046 θυμὸν
827 3980 856 4026 κ.
883 3981 917 4030 τ.
949 3955 981 4024 λ.
1040 3955 1092 4026 Ita
1114 3949 1291 4026 Holstenii

191 4075 307 4148 codex
343 4077 467 4148 locum
503 4077 690 4171 exhibuit,
715 4091 841 4174 postea
875 4079 1107 4151 aGronovio
1133 4074 1287 4148 Medicei

192 4225 262 4296 ope
289 4215 504 4277 correctum.
556 4203 606 4282 Ne
630 4203 712 4302 quis
734 4216 856 4276 autem
882 4203 975 4276 sorte
998 4227 1040 4280 ex
1064 4203 1138 4276 hoc
1162 4199 1282 4289 initio,
