3102 4902
620 335 855 398 DllDlCilTlO.
1169 339 1279 400 XXXV

184 507 353 590 liquefiant.
409 503 553 587 Denique
584 505 709 565 interim
745 505 838 566 bilem
872 514 1043 586 erumpunt
1066 504 1276 589 indignantes:

177 613 342 676 ,1111111111
365 612 505 673 barbarie
514 613 626 694 palato
646 633 705 672 noa
725 615 859 696 sapuisse
881 613 1016 673 salinam
1028 613 1170 676 Atticam.
1195 616 1281 678 Haeo

185 732 218 784 et
241 721 303 782 cius
326 722 446 803 generis
468 728 590 780 caetera
611 727 833 802 praeterquam
854 717 993 801 longum,
1014 721 1107 780 etiam
1126 741 1184 784 nee
1204 723 1279 784 mihi

186 838 381 913 promptum,
404 837 436 889 et
455 827 573 910 alioqui
594 828 677 889 exitu
708 815 820 909 anceps
841 827 938 888 fuerit
960 827 1037 888 vello
1058 829 1218 910 purgando
1243 851 1280 891 ac

185 962 247 1022 pro
268 961 318 1001 me
352 937 485 1000 dicendo
517 938 670 1000 refellere.
719 939 887 1020 Nunquam
917 938 1062 1021 equidem
1091 941 1173 999 soleo
1206 941 1280 999 milri

186 1048 276 1110 nimis
296 1047 447 1110 tribuere.
501 1047 575 1128 quin
599 1045 676 1106 adeo
706 1047 894 1128 plerumque
913 1046 978 1128 ipse
997 1046 1072 1106 miti
1091 1069 1204 1128 param
1226 1071 1279 1109 ae.

186 1177 265 1240 quus
293 1165 379 1229 sam3
410 1155 664 1240 quippe'ingenii
696 1129 735 1215 ac
758 1155 913 1242 facultatis
948 1159 1065 1238 quanta
1087 1157 1125 1217 sit
1146 1156 1281 1218 tenuitas
1329 1153 1332 1158 ’

185 1265 325 1326 conscius
351 1265 477 1341 animus,
499 1263 612 1324 iudicia
641 1263 936 1344 reprehendentium
958 1263 1008 1326 vel
1027 1264 1140 1348 excipit
1161 1285 1292 1326 assensn*

186 1372 279 1449 facili,
299 1373 348 1434 vel
369 1372 454 1434 ultro
472 1371 688 1434 consciscenda
705 1393 837 1432 censura
855 1381 1076 1455 praeoccupat.
1100 1394 1184 1434 nnnc
1202 1393 1280 1434 vcro

186 1482 279 1543 etiam
299 1481 464 1564 plusquam
485 1481 557 1541 allas
578 1479 658 1541 male
675 1489 793 1558 metuo,
814 1501 853 1542 ne
866 1478 940 1542 alibi
959 1481 1015 1559 ris,
1035 1480 1108 1542 alibi
1132 1503 1190 1562 ars,
1207 1481 1281 1544 alibi

186 1589 315 1650 felicitas
345 1588 494 1672 satagenti
530 1588 605 1650 licet
643 1589 718 1649 inihi
747 1590 926 1672 inutraque
959 1589 1103 1682 molienti
1129 1589 1280 1652 deluerit.

186 1699 399 1776 Quamobrem
421 1695 541 1780 singula
563 1697 685 1759 obiecta
706 1696 730 1757 si
745 1717 923 1780 persequar,
945 1696 1100 1780 quaedam·
1114 1699 1199 1762 forte
1219 1700 1282 1760 sint

186 1807 297 1889 quibus
318 1805 470 1868 diluendis
491 1826 548 1867 nec
561 1825 707 1882 coronae,
730 1826 788 1866 nec
809 1805 963 1868 iudicibus
983 1786 1176 1886 satisfaciam,
1195 1813 1281 1869 ¹nori.

186 1915 270 1976 nulla
293 1917 386 1977 etiam
408 1915 571 1998 inquibus
591 1915 764 1976 accusatori
787 1935 856 1976 reus
876 1909 988 1997 spo'nte
1009 1915 1159 1987 confitens
1180 1905 1291 1997 palam¹

185 2021 256 2085 dem
278 2045 395 2084 manus.
438 2024 637 2086 innocentiae
654 2044 740 2084 meae
761 2031 866 2084 tamen
887 2033 918 2085 et
935 2023 1080 2084 fid'eih‘oc
1100 2023 1132 2084 in
1156 2025 1281 2105 negotio

186 2133 324 2214 optimae
347 2153 412 2191 non
433 2153 450 2192 a
472 2132 742 2192 criminationibus
766 2131 987 2212 magis'alienis
1010 2153 1102 2216 quarn
1124 2131 1164 2192 ab
1189 2128 1286 2214 ipsius‘

185 2242 247 2302 mei
268 2241 452 2301 morositate
473 2239 578 2301 iudicii
600 2239 802 2321 periclitantis
813 2247 826 2318 ,’
846 2261 885 2302 ne
906 2240 1027 2321 penitus
1048 2261 1172 2302 oausam
1193 2241 1283 2303 dese-

185 2369 263 2423 ram,
282 2345 493 2430 profitendum
515 2346 567 2406 hio
580 2357 634 2424 est,
660 2368 709 2408 me
724 2357 803 2410 nutu
817 2367 856 2408 ao
868 2347 950 2411 iussu
963 2356 1019 2410 tuo
1039 2355 1183 2432 suscepta
1200 2371 1279 2430 pro-

183 2457 286 2516 vincia
308 2477 402 2538 quam
423 2455 549 2517 minime
573 2454 653 2516 male
676 2455 801 2536 defungi
822 2454 981 2533 studuisse,
1003 2456 1035 2515 in
1058 2477 1095 2518 eo
1119 2479 1177 2519 nec
1197 2465 1279 2518 tem.

183 2563 255 2642 pori
279 2583 336 2625 uec
357 2563 476 2638 labori,
507 2583 564 2624 uec
593 2564 786 2625 contentioni
809 2562 986 2646 pepercisse
1007 2585 1157 2647 unquam.
1197 2566 1278 2627 Suc.

182 2691 280 2733 cessas
303 2671 370 2755 quis
393 2672 519 2733 tandem
543 2672 669 2733 conatui
683 2671 892 2754 responderit,
919 2681 955 2732 nt
977 2673 1199 2755 producendae
1220 2695 1278 2735 ne-

183 2780 356 2864 quidquam
376 2781 479 2843 multis
494 2780 663 2864 clepsydris
678 2780 840 2863 apologiae
854 2781 1071 2863 compendium
1091 2803 1154 2842 uno
1177 2783 1276 2843 verbo

179 2890 299 2966 faciam,
320 2892 367 2950 tui
383 2891 457 2956 Vra
476 2892 578 2951 Maxi
590 2913 654 2971 111,
679 2891 797 2969 iudicii,
817 2891 863 2950 tui
884 2891 1011 2953 arbitrii
1026 2913 1073 2952 res
1086 2900 1161 2953 esto.
1184 2913 1276 2953 nemo

181 2997 242 3058 erit
264 2997 405 3058 omnium
431 3002 489 3075 (sat
518 3000 592 3076 scio)
624 3009 689 3061 tam
712 3000 862 3082 'pervicax
894 2999 947 3082 qui
975 3002 998 3060 si
1019 3000 1120 3062 minus
1140 3010 1276 3082 propter

179 3105 399 3188 amplissimum
429 3109 667 3192 magistratum,
703 3131 767 3194 qao
797 3109 873 3169 iuris
909 3117 941 3170 et
960 3110 1052 3193 aequi
1073 3109 1273 3172 moderamen

178 3215 251 3276 Tibi
273 3237 426 3277 summum
439 3197 627 3280 attributum
641 3229 695 3294 est,
716 3228 802 3279 certe
816 3227 951 3300 propter
967 3219 1155 3280 notissimam
1170 3219 1273 3280 omni.

178 3324 246 3401 bus,
271 3333 303 3386 et
323 3327 408 3386 ultra
430 3327 523 3387 etiam
546 3349 640 3408 quam
662 3326 789 3410 imperii
809 3327 883 3388 lines
896 3305 1006 3388 Gallici
1029 3328 1198 3408 pertinent,
1222 3348 1274 3389 ce·
1324 3313 1328 3320 „

178 3431 296 3493 lebrem
319 3453 356 3494 ac
376 3433 586 3496 venerabilem
618 3436 814 3516 aequitatem,
836 3433 980 3495 doctrina
1003 3435 1089 3494 varia
1111 3434 1272 3518 omnisque

177 3541 297 3622 generis
318 3540 468 3623 sapientia
502 3544 718 3620 coniunctam,
750 3563 815 3604 non
843 3553 916 3606 tuae
934 3541 1078 3604 standum
1098 3541 1272 3604 definitioni

176 3657 286 3728 putet:
308 3669 358 3712 me
380 3652 507 3734 quidem
523 3653 599 3734 ipso,
622 3655 821 3736 quocumque
838 3653 907 3713 'al‘ea
927 3653 1069 3729 verterit,
1093 3653 1171 3714 adeo
1194 3645 1271 3713 nihil

176 3767 289 3818 contra
310 3769 483 3841 exceptura
503 3761 553 3822 vel
566 3770 794 3842 provocatura,
813 3767 851 3822 ut
872 3761 1118 3844 subscriptorem
1131 3759 1270 3842 adstipu'.

177 3863 372 3950 latoremque
393 3866 614 3952 cuiuscumque
635 3889 737 3930 sensus
761 3870 807 3930 tui
828 3870 889 3929 iam
912 3864 986 3930 hinc
1006 3871 1091 3931 ultro
1112 3869 1291 3952 pollicear.'v

175 3971 222 4032 Te
241 3973 307 4035 fere
330 3975 361 4036 in
384 3973 549 4038 scribendo
570 3978 747 4060 spectabam
764 3979 869 4052 saulce,
891 3977 949 4039 tibi
971 3997 1020 4040 me
1039 3977 1192 4059 fingebam
1210 3997 1269 4059 pa.

175 4079 360 4164 rabamque:
382 4084 441 4145 tibi
463 4084 503 4144 si‘
520 4084 632 4166 placui5
657 4084 778 4146 abunde
798 4084 959 4147 'mercedis
982 4097 1035 4153 est.
1079 4109 1149 4146 nam
1172 4095 1267 4167 prno-'

176 4195 320 4270 tanquam
353 4190 438 4276 quod
467 4192 564 4254 laudis
592 4193 736 4276 publicae
762 4175 1011 4276 praeiudicium,
1042 4195 1134 4256 favor
1163 4199 1292 4256 tantao'
