3102 4902
542 321 758 398 smxrsms
783 327 878 398 uu·
895 311 929 396 r:
952 335 983 403 ν.
1241 303 1299 418 39

210 486 300 574 νοός)
320 483 422 568 μέχρι
441 485 498 566 τῆς
519 483 769 550 scinomannis
789 482 911 558 πόλεως
934 475 990 567 ἧκε
1008 484 1112 550 πάντα
1130 505 1301 568 καταστρε-

188 603 196 614 ··
209 581 370 665 φάμενος,
407 580 507 658 ον’τός
540 577 656 648 ἑαυτὸν
672 583 734 647 καί
759 581 987 668 χειροτονήσας
1020 585 1066 659 εἰς
1093 586 1227 667 βασιλέα
1247 583 1304 650 arui

211 679 403 768 εόφημήσας
422 687 479 747 καί
496 681 553 748 τόν
567 679 710 766 πλάνητα
722 668 840 746 τοάτοό
851 680 986 767 στρατόν
1000 679 1071 747 ὅποι
1083 687 1147 774 καί
1157 682 1301 766 βούλοιτο

210 783 410 866 μεταφέρων.
463 773 503 866 ἦν
527 780 590 867 γάρ
620 780 676 846 κατ’
705 775 808 855 illuc
831 785 891 861 μὲν
913 778 1156 864 θαυμαζόμενος
1178 781 1197 846 ri
1218 781 1330 866 α’νὴρα

181 881 269 952 5ἑπί
285 901 318 944 τε
337 884 466 964 μεγέθει
489 880 637 960 στόματος
656 879 712 944 καί
733 877 843 965 κράτει
861 879 1042 964 βραχιόνων
1055 883 1109 946 καί
1128 882 1300 967 προσώπου

210 982 392 1064 σεμνότητι,
426 973 473 1055 οἷς
506 983 626 1062 μάλλον
656 980 817 1044 ἁλίσκεται
845 978 880 1044 τό
912 978 1092 1063 α’γροικικόν
1124 983 1219 1046 τοῦτο
1248 983 1304 1045 καί

210 1077 434 1163 στρατιωτικόν
454 1077 557 1154 ἔθνος.
599 1077 637 1143 od
657 1077 718 1162 γάρ
740 1081 834 1166 διορᾷ
858 1082 904 1154 εἰς
922 1075 1142 1162 φαχὴν,“οιν’δ’
1161 1082 1301 1145 taurese·-

212 1179 258 1254 ζει
279 1173 359 1260 πρός
381 1177 507 1262 α’ρττήν,
528 1174 610 1241 άλλά
634 1181 732 1260 μέχρι
751 1181 815 1242 τῶν
833 1181 890 1242 τοῦ
905 1178 1051 1258 στόματος
1070 1180 1191 1260 α’ρεειόν
1211 1180 1302 1242 ἵστα-

210 1301 280 1356 ται,
317 1277 438 1357 τόλμαν
467 1279 523 1342 κατ’
552 1277 660 1362 ῥιόμην
689 1279 745 1340 καί
766 1276 882 1359 δρόμον
905 1277 960 1340 καί
978 1279 1112 1360 μέγεθος
1133 1274 1303 1358 θαυμάζον

164 1377 265 1445 roasi
283 1380 385 1440 auiae
408 1385 513 1460 κρῖνον
535 1370 610 1452 άξια
632 1372 817 1459 όλονργίόος
833 1376 889 1441 καί
905 1375 1109 1460 διαδήματος.
1151 1375 1169 1442 ό
1193 1379 1229 1440 δὲ
1248 1376 1305 1438 καί

209 1477 310 1540 ταῦτα
330 1473 414 1558 ἔχων
431 1478 489 1540 usis
520 1478 650 1560 ν’γεννῆ,
680 1475 736 1539 καί
763 1473 820 1560 τὴν
841 1474 952 1560 ψυχήν
976 1472 1061 1558 εἶχεν
1081 1477 1231 1561 α’νόρείαν
1249 1476 1306 1540 καί

211 1571 468 1658 ἀκατάπληκτον·
519 1579 575 1640 καί
599 1570 678 1650 ὅλως
700 1567 792 1650 οὗτος
812 1573 828 1638 ό
850 1573 1046 1650 Βασιλάκιος
1066 1573 1253 1660 τυραννικόν
1271 1599 1305 1640 τι

211 1674 265 1736 καί
281 1671 368 1736 ἔπνει
388 1677 445 1738 καί
474 1673 598 1756 ἔβλεπε.
646 1679 830 1760 φθέγματι
861 1673 924 1758 γάρ
946 1675 1031 1762 adripi
1053 1677 1228 1758 βροντάάες
1250 1677 1306 1740 κατ’

210 1765 276 1836 οἷον
289 1779 484 1858 καταπλῆξαι
499 1775 650 1859 πρασιάν
669 1770 758 1858 όλην,
781 1773 837 1837 καλ
849 1772 998 1857 ἐμβόημα
1012 1772 1118 1838 ἱκανόν
1136 1781 1303 1840 σοστεΐλαι

167 1877 318 1955 ιόψνχῆς
331 1870 472 1956 θράσος.
501 1877 556 1938 κατ’
575 1865 701 1958 ἄμαχος
722 1876 759 1939 ἐν
779 1871 882 1957 λόγοις
903 1877 1013 1958 ἐπίσης
1034 1875 1205 1958 ἐπιχειρῶν
1225 1876 1334 1938 sad-u

211 1972 270 2056 ραί
287 1995 319 2036 τε
340 1975 395 2038 κατ’
415 1979 582 2038 συστεῖλαι
602 1969 657 2039 τόν
680 1971 876 2058 στρατιώτην
887 1976 932 2048 είς
948 1972 1085 2054 πόλεμον
1109 1971 1164 2037 κατ’
1184 1970 1300 2057 φνγην.

209 2071 292 2154 μετὰ
320 2072 471 2138 τοιούτων
502 2072 780 2157 πλεονεκτημάτων
811 2070 1065 2157 στρατευόμενος
1099 2065 1227 2153 όάνὴρ
1247 2072 1304 2134 κατ’

210 2173 285 2256 περί
296 2173 402 2236 αὐτόν
440 2171 669 2255 συλλεξάμενος
700 2165 829 2254 άμαγον
855 2173 1022 2256 στρατιάν,
1053 2170 1111 2254 τήν
1136 2171 1303 2235 Θετταλῶν

211 2275 304 2336 πόλιν
329 2273 583 2354 καταλαμβάνει,
612 2268 759 2354 καθάπερ
782 2269 911 2357 ἔφημεν.
954 2269 972 2335 ό
997 2273 1032 2336 da'
1043 2293 1079 2354 γε
1100 2268 1175 2350 ἐμός
1196 2267 1300 2353 πατὴρ

163 2369 229 2434 neri
256 2368 421 2455 Κομνηνός
450 2371 587 2449 Ἀλέξιος
617 2367 660 2446 σός
690 2369 770 2455 πρός
802 2375 943 2454 Τυφῶνα
971 2373 1071 2454 με’γαν
1089 2365 1111 2454 ἢ
1130 2363 1300 2434 ἑκατοντά-

210 2493 303 2553 χειρα
314 2473 343 2533 Γ
342 2470 453 2552 ίγαντα
469 2466 801 2552 ἀντιπαραταξάμενος
821 2468 877 2533 καί
894 2471 1001 2534 πάσαν
1013 2465 1118 2558 ἑαντρῖ
1138 2464 1302 2551 ἀνεγείρας

210 2567 422 2654 στρατηγικὴν
454 2567 605 2654 μηχανήν
625 2571 682 2633 καί
703 2569 849 2656 φρόνημα
869 2577 1013 2651 γενναῖον
1043 2569 1086 2645 τός
1113 2570 1193 2653 πρός
1213 2566 1301 2632 α’ντί-

286 2787 306 2824 ι.
325 2764 390 2837 ἦλθε
408 2771 437 2822 ιλ.
509 2785 553 2823 οι.
571 2769 727 2844 άναγείρας
745 2773 777 2823 Α.
845 2785 889 2824 aa.
911 2765 1112 2845 repercusserit*
1131 2775 1161 2827 Α.

212 2941 327 2994 saiorum
344 2938 438 2992 urbem
458 2942 548 2994 omnia
565 2942 595 2994 in
619 2943 783 3012 potestatem
810 2943 920 3012 redigit,
949 2960 964 2994 a
988 2952 1074 2995 semet
1100 2944 1168 3012 ipso'
1186 2941 1301 3014 imp'cra-

212 3021 254 3064 τοι
280 3019 438 3064 et'creatus
459 3021 493 3072 Ιοι
518 3011 686 3066 acclamatus.
711 3015 814 3066 milites
835 3016 963 3081 Bryennii
976 3016 1035 3068 aine
1056 3014 1124 3066 duce
1142 3015 1300 3068 oberrantes

213 3097 290 3145 enm,
309 3097 473 3152 quocunque
489 3084 587 3148 vellet,
605 3084 803 3153 sequebantur,
830 3103 890 3136 cum
909 3087 992 3138 etiarn
1009 3086 1167 3154 ceteroquin
1186 3083 1221 3135 ob
1240 3100 1302 3137 cor-

211 3154 285 3222 poris
302 3152 518 3222 magnitudinem
535 3163 564 3206 et
580 3155 741 3206 lacertorum
770 3155 851 3206 robur
869 3163 898 3208 et
916 3157 969 3208 oris
989 3155 1146 3225 dignitatem
1167 3157 1194 3206 ln
1214 3157 1302 3207 mari-

211 3237 254 3274 ma
274 3223 451 3274 admiratione
480 3233 560 3276 esset.
584 3225 630 3278 bis·
654 3227 728 3278 enim
756 3225 836 3278 rebus
857 3231 973 3295 agrestes
990 3237 1019 3280 et
1035 3227 1159 3279 bellicosi
1178 3225 1302 3280 homiues

211 3293 297 3361 magis
316 3295 475 3362 capiuntur:
497 3310 560 3346 nam
579 3297 615 3346 ad
631 3298 751 3348 animum
769 3314 824 3348 non
844 3305 1005 3366 penetrant,
1022 3313 1114 3368 neque
1131 3297 1238 3348 virtutis
1259 3315 1303 3348 ra-

210 3366 315 3416 tionem
336 3365 457 3427 liabent,
476 3366 523 3418 sed
550 3367 579 3417 in
601 3369 720 3436 corporis
741 3361 907 3438 praestantia
927 3369 1122 3430 subsistentes,
1143 3367 1303 3430 audaciam,

212 3435 311 3498 robur,
332 3435 521 3501 celeritatem,
546 3438 759 3506 magnitudinem
778 3439 946 3490 admirantur
964 3455 1064 3510 easque
1084 3438 1161 3490 dotes
1181 3455 1304 3508 purpura

212 3521 243 3556 ae
260 3505 413 3557 diademate
435 3507 530 3576 dignas
548 3509 677 3560 iudicant.
697 3510 791 3560 atille
809 3525 864 3560 non
885 3510 973 3561 solum
991 3509 1033 3561 his
1051 3509 1196 3561 virtutibus
1212 3510 1303 3561 excel-

210 3573 295 3638 lebat,
311 3592 405 3629 serum
433 3579 515 3628 etiam
533 3578 599 3630 forti
617 3589 645 3630 et
668 3579 806 3650 intrepido
832 3581 922 3632 animo
949 3589 1008 3632 erat
1024 3580 1173 3650 praeditus.
1191 3582 1303 3632 omnino
1327 3581 1330 3590 ¹
1352 3585 1353 3588 ’

210 3649 310 3716 regiam
330 3648 413 3718 plane
441 3650 557 3717 speciem
576 3650 723 3702 basilacius
746 3668 810 3720 prae
836 3669 865 3702 se
891 3651 1009 3715 ferebam
1033 3667 1085 3702 vox
1110 3653 1166 3703 eins
1186 3661 1242 3702 erat
1259 3653 1303 3704 in-

212 3735 276 3787 gens
297 3735 423 3790 quaeque
441 3728 529 3771 totum
547 3722 694 3771 exercitum
716 3721 891 3790 percelleret3
918 3723 1034 3772 clamore
1054 3721 1162 3772 sublato
1181 3723 1303 3774 audacis-

212 3793 307 3841 simum
333 3807 469 3860 quemque
489 3791 745 3860 perterrefaciebat,
770 3801 798 3842 et
823 3801 854 3843 ut
880 3793 909 3843 in
929 3795 1018 3862 fugam
1037 3793 1096 3861 ipsa
1112 3809 1179 3843 vocs
1197 3802 1302 3861 vertere

211 3867 334 3928 poterat,
355 3863 394 3912 ita
417 3861 464 3912 ubi
478 3861 513 3912 ad
524 3861 701 3930 pugnandum
722 3862 869 3914 accendere
892 3864 988 3926 vellet,
1010 3864 1126 3915 invictus
1139 3865 1169 3914 ln
1185 3863 1301 3915 dicendo
1318 3890 1328 3905 ·

212 3939 278 3981 erat.
296 3931 338 3984 his
364 3941 473 3982 ornatus
490 3932 637 3984 virtutibus
657 3941 686 3984 et
703 3935 815 4002 egregiis
832 3933 918 4002 copiis
937 3936 1092 3997 instructus,
1110 3935 1302 3986 Thessalorum

212 4001 308 4052 urbem
329 4012 460 4070 occupat,
482 4009 513 4052 ut
531 4002 654 4054 diximus.
673 4005 722 4056 sed
742 4013 821 4073 pater
837 4021 911 4054 mens
931 4005 1082 4056 Comnenus
1095 4005 1207 4057 Alexius
1226 4005 1304 4056 velut

212 4087 271 4122 eum
290 4072 424 4143 Typhone
444 4087 539 4142 magno
557 4074 602 4126 vel
616 4075 770 4128 centimauo
789 4074 906 4142 Giganta
927 4084 1112 4144 pugnaturus,
1131 4091 1237 4127 ornnem
1256 4077 1304 4124 εἰ-
1382 4133 1384 4146 Ι

212 4143 327 4210 promsit
344 4145 490 4196 militarem
509 4143 670 4197 industriam
689 4163 721 4198 ac
747 4145 937 4198 fortitudinem
955 4161 1039 4215 seque
1057 4146 1096 4196 its
1115 4147 1149 4197 arl
1168 4153 1304 4198 certamen

213 4214 333 4281 pararit,
354 4222 384 4267 ct
403 4213 550 4268 adversarii
566 4213 653 4271 rittns
675 4218 782 4288 exigere
800 4215 945 4272 videretur.
963 4217 1084 4270 nondum
1105 4217 1188 4288 igitur
1207 4215 1304 4288 prieris
