3098 4906
388 309 394 318 '
481 313 697 386 ataxrsms
726 313 803 380 un.
833 315 860 378 ι.
891 312 939 395 φ.
1209 277 1263 396 57

179 463 377 554 ρωοόμενος,
413 459 500 531 ῦπαν
526 463 562 532 τό
585 462 699 550 κρότος
718 463 958 548 Λομμβαρόίας
976 454 1012 528 τι
1039 462 1169 546 καὶτῆς
1187 457 1267 544 όμο.

179 565 297 656 ροόσης
314 561 424 649 χώρας
442 568 488 642 εἰς
507 560 623 633 ἑαυτόν
642 564 829 648 ἀνεδήσατο.
868 561 922 628 dee*
944 563 1022 627 δέτι
1040 559 1057 628 ό
1074 561 1270 645 Ῥομπόρτος

179 659 271 742 οὗτος
282 666 415 732 ε’πινοοῦν
427 659 691 749 τυραννικώτερον
703 663 757 728 καί
769 658 1007 748 φανταζόμενος
1024 658 1083 744 τήν
1102 659 1269 742 βασιλείαν

174 761 358 848 'Ferrariam
372 765 573 848 προφάσεως,
585 761 628 837 eir
641 759 732 848 ἔφην,
748 763 804 844 τής
817 758 894 844 πρὸς
908 758 964 826 τόν
974 757 1190 844 αότοκρότορα
1200 762 1299 824 Meo

152 865 172 946 5
179 863 267 950 χαήλ
285 862 521 948 συμπενθερόας
541 861 799 945 ἐπιδραξάμενος,
819 859 872 926 τὸν
889 856 971 944 πρὸς
984 857 1163 938 Ῥωμαιῦυς
1176 859 1270 942 α’νερ-

162 965 288 1048 Ιρι’πισε
318 960 469 1043 πόλεμον.
520 957 671 1047 ἔφθημεν,
704 959 765 1045 μόρ
797 959 973 1043 εἰρηκότες,
1003 954 1052 1026 ότι
1078 957 1219 1040 Μιχαήλ
1251 954 1270 1020 d

181 1059 388 1148 αῦτοκρρὶτονρ
409 1053 646 1145 affine
663 1055 719 1144 τήν
738 1062 796 1124 τοῦ
812 1056 965 1142 τυράννου
979 1054 1092 1124 τοῦτου
1104 1058 1271 1140 θυγατέρα

181 1161 298 1246 (Ἑλένη
320 1161 356 1226 δὲ
377 1157 459 1246 αῦτη
480 1145 747 1246 τῦροσηφορεόετο)
773 1161 817 1244 τῷ
830 1159 890 1247 υἱῷ
901 1161 1133 1244 Κανσταντόιηι
1155 1177 1271 1238 κατηγ·

179 1256 333 1344 μνήσατο.
376 1257 471 1324 πόλιν
498 1261 534 1324 δὲ
562 1261 744 1342 μεμνημένη
773 1261 833 1322 τοῦ
852 1262 1014 1322 νεανισκου
1045 1252 1178 1337 τοῦτου,
1207 1279 1271 1318 πα·

137 1357 334 1439 ιοθαίνομαι
352 1359 409 1442 τήν
431 1381 465 1423 τε
486 1355 598 1442 ψυχήν
618 1355 674 1422 καί
692 1355 768 1434 τοῦς
784 1352 957 1440 Ιλογισμοός
971 1356 1165 1438 ,συγχὲομαυ
1189 1345 1271 1418 dva-

180 1456 337 1536 κόπτομαι
367 1459 403 1521 δὲ
424 1453 480 1540 τήν
501 1458 589 1542 α’μφί
616 1459 726 1522 τοῦτον
749 1456 915 1540 διήγησιν,
938 1453 1143 1542 φυλάττουσα
1165 1451 1269 1518 πάντα

180 1559 281 1646 καιρρῦ
299 1558 344 1643 τῷ
364 1551 562 1640 προσήκοντι.
605 1558 697 1622 τοῦτο
728 1557 764 1620 δὲ
783 1554 882 1636 μόνον
901 1559 963 1638 οόχ
982 1550 1354 1635 ῦπομόνωμήλό-ῐπᾶ

180 1679 266 1740 μειν,
286 1648 346 1720 κόν
377 1652 437 1734 ἔξω
466 1657 526 1720 τοῦ
554 1658 667 1739 καιροῦ
696 1658 838 1740 λέγοιμι,
862 1649 904 1730 ῦς
932 1645 1060 1736 airoino
1082 1655 1211 1736 φῦσεας
1230 1642 1270 1734 ήν

180 1752 197 1820 ὁ
219 1752 345 1830 νεανίας
367 1756 482 1829 ἐκεῖνος
503 1755 558 1826 καί
576 1757 658 1818 θεοῦ
672 1757 805 1836 χειρῶν,
830 1751 873 1830 τός
895 1745 993 1826 ῦντιος
1013 1743 1302 1836 εἰπεῖν,“φιλοτι’.1)

136 1857 172 1928 ,15
179 1878 283 1938 μημα.
328 1855 360 1918 εἰ
386 1850 449 1938 γὰρ
475 1856 532 1918 καί
548 1850 646 1934 μόνον
674 1851 832 1920 ἐθεάσατό
854 1876 902 1930 τις
924 1851 1040 1933 αῦτόν,
1061 1845 1147 1917 εἶπεν
1166 1843 1205 1914 όν
1226 1846 1271 1924 nic

179 1953 237 2026 τοῦ
267 1957 346 2037 παρ’
368 1948 497 2038 Ἕλλησι
526 1956 749 2036 μυθευομένων
786 1957 914 2038 χρυσοῦ
956 1957 1065 2036 με’νους
1105 1944 1270 2034 ἀπορροή·

180 2047 283 2130 οῦτας
309 2048 476 2136 ἀμήχανον
508 2047 575 2135 εἶχε
603 2050 640 2117 τό
669 2047 791 2132 κάλλος.
840 2049 902 2136 ἐγώ
936 2053 972 2118 δὲ
991 2049 1073 2133 μετὰ
1094 2045 1270 2126 τοσοῦτους

180 2148 347 2228 ἐνιαυτυῦς
364 2155 547 2236 μεμνημένη
567 2155 626 2216 τοῦ
645 2156 772 2216 νεανίου
793 2148 920 2230 τοῦτου,
946 2148 1093 2235 δακρόοον
1110 2150 1269 2232 ἐμπόπλα.
1322 2228 1331 2246 ἢ

179 2274 252 2332 μαι·
275 2250 380 2332 ἐπέχω
402 2251 438 2316 δὲ
459 2248 547 2332 ὅμως
566 2248 600 2316 τό
619 2249 758 2335 όόκρυον
772 2249 827 2316 καὶ
845 2248 987 2331 ταμιεῦιο
1004 2246 1084 2335 πρός
1101 2245 1178 2324 τοῦς
1198 2250 1268 2314 ἐπι·

134 2355 311 2436 εοκαίρους
330 2353 393 2414 τῶν
412 2347 536 2432 τόπων,
563 2352 616 2416 ἳνα
635 2349 679 2434 μή
702 2348 759 2424 τοὶς
780 2353 943 2438 μονῳδίας
962 2351 1023 2415 τόν
1042 2351 1128 2431 ipsis
1148 2350 1267 2429 α’ναμι.

181 2452 283 2536 μνῦσα
314 2457 383 2526 ταῖς
417 2447 592 2534 ἱστορικαῖς
622 2446 798 2536 διηγήσεσι,
824 2449 882 2534 τήν
910 2448 1054 2534 ἱστορίαν
1084 2452 1264 2532 συμχὲοιμι.

182 2540 272 2626 οὗτος
293 2547 355 2635 γάρ
377 2547 394 2614 ό
415 2549 585 2632 νεανίσκος,
600 2549 675 2637 περὶ
685 2541 735 2632 Ιοῦ
745 2545 914 2616 κάνταῦθα
933 2551 990 2616 κατ’
1005 2544 1167 2633 ἀλλαχόσε
1182 2547 1268 2636 cipri,

249 2743 275 2794 5.
294 2741 456 2865 όντςρίπιζφ
474 2743 534 2810 PG,
554 2746 669 2798 alterum
688 2747 719 2798 A.
803 2761 844 2796 ro.
862 2735 1030 2819 λογιομοῦςι
1050 2721 1267 2817 ὀφθαλμοὺςλ.Ι
1348 2749 1359 2772 ’

251 2815 291 2884 14.
308 2831 401 2867 αιτιοι
419 2813 514 2876 οὕτως·
597 2821 635 2874 ¹8·
653 2820 804 2873 νεανίσκου
824 2815 858 2872 G.
946 2819 1148 2890 ἐμπίμπλαμαι
1164 2814 1197 2866 G.

178 2984 315 3039 interdum
332 2987 413 3040 etiam
442 2989 469 3039 vi
488 2987 612 3040 adhibita
619 3028 627 3053 ,
650 2996 736 3040 totam
761 2987 969 3056 Longibardiam
987 2995 1015 3040 et
1033 2987 1160 3040 finitimas
1179 2990 1268 3058 regio·

178 3073 226 3108 nes
253 3058 282 3109 in
307 3065 470 3128 potestatem
495 3060 608 3128 redegit
635 3057 699 3111 hine
729 3077 789 3110 cum
813 3077 919 3128 semper
946 3059 1043 3110 altiora
1074 3067 1216 3127 appeteret
1239 3068 1269 3112 et

178 3127 267 3198 ipsum
285 3129 464 3180 Romanorum
483 3130 626 3200 imperium
644 3130 803 3192 somniaret,
826 3129 931 3182 bellum
950 3129 1112 3192 commovit,
1130 3129 1174 3179 cui
1192 3131 1268 3182 illam

178 3215 239 3248 cum
258 3199 419 3268 imperatore
437 3199 573 3252 Michaele
586 3201 754 3265 affinitatem,
773 3207 806 3252 ut
823 3199 893 3264 dixi,
911 3197 1073 3270 praetendit.
1093 3217 1173 3270 supra
1195 3201 1269 3252 enim

178 3269 363 3338 exposuimus,
384 3271 574 3340 imperatorem
598 3271 774 3334 Michaelem,
798 3270 890 3324 nes'cio
916 3289 969 3342 quo
996 3269 1140 3332 consilio,'
1157 3271 1269 3336 tyranni

177 3337 257 3390 istius
277 3340 371 3404 filiam,
391 3341 521 3394 Helenam
543 3344 667 3405 nomine,
691 3343 868 3394 Constantino
888 3341 945 3393 lilio
965 3341 1150 3410 despondisse.
1169 3341 1268 3396 iterum

177 3417 269 3462 autem
286 3413 424 3464 mentione
444 3413 518 3464 illius
537 3414 642 3466 iuvenis
660 3413 739 3477 iacta,
760 3412 936 3465 vehementer
952 3409 1078 3482 equidem
1098 3427 1267 3464 commoveor

177 3493 207 3532 ac
224 3481 382 3550 perturbem
408 3482 456 3534 sed
481 3500 552 3553 quae
582 3482 615 3535 de
644 3501 676 3536 eo
697 3483 810 3536 dicenda
828 3483 935 3547 habeo,
964 3482 1189 3553 praetermittam,
1215 3499 1266 3534 suo

175 3549 235 3602 loco
255 3558 341 3603 totam
357 3569 413 3606 rem
435 3563 581 3607 narratura.
599 3553 671 3606 illud
687 3571 770 3606 unum
791 3556 870 3606 silere
889 3571 944 3606 non
961 3569 1086 3624 possum,
1105 3553 1156 3603 etsi
1173 3553 1265 3604 alieno

176 3621 237 3676 loco
259 3621 363 3686 (licam,
388 3626 522 3692 specimen
539 3634 652 3677 naturae
678 3626 763 3678 luisse
780 3625 903 3678 iuvenem
923 3623 1048 3678 illumet
1068 3621 1113 3674 dei
1130 3641 1266 3689 manuum,

175 3708 238 3744 vere
259 3690 330 3756 dico,
350 3712 416 3764 opus
436 3697 699 3748 excellentissimum.
718 3713 799 3766 quern
816 3697 864 3766 qui
884 3693 1051 3765 adspiciebat
1067 3695 1265 3758 tantummodo,

175 3770 237 3813 non*
248 3765 356 3832 potuit,
379 3765 445 3834 quin
464 3768 538 3818 aurei
557 3767 676 3832 saeculi,
695 3767 770 3836 quod
793 3766 893 3819 fabulis
915 3768 1077 3818 Graecorum
1096 3765 1265 3829 celebratur,

174 3835 330 3902 progeniem
349 3852 410 3886 eum
428 3835 555 3890 haberet:
575 3837 643 3889 adeo
664 3847 721 3890 erat
744 3838 856 3890 mirifica
875 3835 1089 3906 pulchritudine.
1106 3837 1172 3887 mihi
1192 3845 1266 3889 certe
1363 3845 1366 3860 ¹

174 3911 264 3956 tantos
284 3912 347 3973 post
368 3923 453 3958 annos
472 3926 531 3959 cum
562 3909 668 3961 iuvenis
689 3909 762 3960 illius
786 3909 971 3971 meminerim,
988 3907 1115 3960 lacrimae
1136 3908 1267 3959 oboriun-

173 3979 225 4025 tur,
244 3982 336 4026 tamen
364 3993 409 4028 eas
428 3977 544 4030 cohibeo
573 3987 601 4030 et
618 3981 647 4030 in
675 3978 749 4030 locos
769 3981 852 4046 magis
870 3988 947 4048 aptos
965 3995 1084 4040 reservo,
1105 3995 1139 4030 ne
1161 3980 1267 4048 privata

173 4043 347 4110 lamentatio,
377 4065 466 4100 rerum
491 4051 641 4101 narrationi
659 4050 799 4112 immista,
827 4050 966 4102 historiam
995 4047 1093 4102 turbet.
1121 4048 1166 4100 hic
1185 4049 1266 4118 igitur

174 4113 384 4180 Constantinus,
414 4121 492 4172 cuius
517 4128 545 4171 et
567 4120 659 4172 hicet
687 4119 752 4172 alibi
771 4122 936 4172 mentionem
956 4121 1082 4182 lecimus,
1100 4129 1165 4171 natu
1185 4118 1264 4170 nobis

174 4183 316 4258 aliquanto
334 4188 436 4255 maior,
463 4190 620 4264 priusquam
639 4192 725 4246 lucem
745 4191 978 4264 adspmimmnm,
996 4207 1110 4264 sponsus
1130 4197 1189 4244 erat
1209 4189 1263 4245 fle
