3102 4902
591 286 833 353 PRAEFATIO.

466 519 734 573 LATINORUM
768 517 968 592 amount

262 667 367 734 'DE
426 665 717 736 aLExlo
779 664 1151 736 COMNENO

533 823 896 890 TESTIMONIA.

629 983 814 999 ψ

174 1105 450 1198 Gurnraauus
471 1135 625 1198 Tvnrus
647 1155 693 1196 nu
713 1153 836 1196 nanno
857 1153 983 1197 sacro
1004 1133 1123 1197 Lunll.
1140 1132 1261 1196 Cauv.

169 1240 320 1299 Praeerat
341 1247 444 1298 autem
465 1255 524 1316 per
546 1235 580 1296 id
611 1243 733 1316 tempus
756 1237 952 1296 Graecorum
974 1233 1109 1315 Imperio
1133 1234 1182 1294 vir
1204 1256 1262 1298 ne.

169 1361 263 1421 quam
285 1348 317 1400 et
337 1337 496 1411 subdolus,
513 1334 635 1398 Aietius
657 1334 796 1412 nomine,
816 1334 1003 1418 cognomine
1025 1336 1170 1397 Comutio
1195 1335 1262 1407 (Co-

167 1442 297 1514 mnerurs)
320 1435 430 1498 dictus.
472 1436 623 1513 Quicum
641 1443 718 1497 esset
737 1436 768 1494 in
785 1435 939 1517 imperiali
960 1434 1077 1516 palatio
1097 1458 1114 1496 a
1137 1436 1262 1496 domino
1316 1507 1320 1516 ι

167 1537 353 1619 Nicepbnrn,
376 1544 585 1620 cognomento
618 1534 807 1596 Bntbomath
842 1535 1021 1611 (Botuuiate)
1051 1535 1104 1618 qui
1131 1545 1207 1600 tunc
1231 1535 1262 1596 in

167 1639 297 1720 sceptris
316 1645 407 1720 agens
429 1637 680 1718 principabatur,
702 1636 873 1717 plurimum
895 1634 1078 1710 honoratus,
1100 1643 1132 1698 et
1154 1637 1262 1716 Mega..

167 1738 329 1801 domestici
356 1735 510 1821 dignitate
539 1741 642 1820 (quem
665 1755 720 1796 uos
750 1735 901 1796 maiorem
923 1735 1132 1797 Senescallum
1153 1737 1263 1816 appel.

167 1841 234 1902 lare
254 1839 478 1916 consuevimus)
495 1836 680 1919 iungeretur
693 1835 807 1913 officio,
830 1835 869 1896 ab
885 1835 1080 1916 Imperatore
1098 1835 1260 1913 secundus,

168 1948 281 2002 contra
302 1937 464 1999 dominnm
477 1945 509 1999 et
521 1937 753 1998 benefactorem
772 1957 862 1997 suum
884 1935 1036 1998 malitiose
1049 1936 1260 2014 recalcitrans,

167 2039 279 2124 quinto
310 2037 359 2099 vel
386 2046 473 2100 sexto
501 2055 582 2098 auno
614 2045 781 2119 autequam
804 2033 937 2117 populus
962 2044 1069 2097 noster
1090 2035 1263 2114 accederet,

167 2138 296 2222 depulso
319 2135 447 2198 domino
466 2136 634 2219 imperium
652 2135 817 2210 invaserat,
838 2142 871 2196 et
889 2133 1026 2200 retinere
1046 2135 1264 2217 praesumebat

168 2238 255 2324 qnod
275 2237 431 2300 violenter
452 2244 672 2318 occupaverat.
715 2233 789 2295 Can.
806 2255 833 2296 x.
855 2235 940 2296 Dum
960 2255 1037 2298 vero
1055 2234 1130 2296 haee
1153 2236 1184 2296 in
1206 2255 1261 2298 ca-

167 2338 239 2401 stris
261 2345 407 2421 aguntur,
426 2355 498 2399 eece
527 2334 656 2397 domino
679 2333 851 2397 Boamundi
873 2334 1005 2396 nuncius
1028 2356 1169 2418 praesens
1189 2343 1262 2398 ante

167 2441 289 2501 Ducem
310 2436 425 2514 astitit,
446 2433 601 2518 praedicti
633 2434 790 2518 Principis
818 2435 937 2496 litteras
964 2434 1105 2498 deferens
1135 2436 1166 2498 in
1187 2435 1264 2498 baec

167 2541 279 2600 verber
300 2537 429 2600 Noveris
448 2535 591 2597 virorum
613 2534 741 2618 optime,
764 2534 850 2618 qnod
870 2534 928 2598 tibi
951 2537 1173 2602 contuleram
1191 2557 1265 2618 pes·

166 2639 275 2700 simam
298 2646 331 2699 et
351 2657 422 2698 cnm
444 2634 571 2696 bomine
592 2655 725 2718 nequam
749 2635 891 2712 (Alexio)
913 2634 1064 2700 incumbit
1087 2637 1262 2720 negotium:

169 2740 255 2800 cuius
283 2737 479 2819 propositum
511 2744 557 2797 est
575 2755 698 2816 semper
720 2733 840 2811 fallere,
872 2746 904 2797 et
927 2757 1051 2798 omnem
1073 2738 1261 2800 Latinorum

168 2839 328 2900 nationem
349 2857 446 2920 usqne
459 2833 645 2898 admortem
659 2833 758 2897 modis
772 2835 914 2920 omnibns
936 2838 1101 2919 persequi:
1124 2846 1155 2900 et
1177 2837 1263 2920 qnod

170 2938 209 3000 de
230 2960 269 3001 eo
300 2945 385 2999 reete
404 2937 534 3000 sentiam
546 2981 557 3014 ,
586 2945 643 2996 tuo
675 2933 843 3018 aliquando
872 2937 1104 3018 approbabitur
1135 2938 1263 3017 iudicio,
1395 2983 1398 2994 .

169 3037 243 3099 novi
264 3039 347 3100 enim
369 3039 566 3099 Graecorum
598 3035 764 3114 malitiam,
786 3047 818 3098 et
838 3036 946 3098 odium
966 3037 1111 3100 adversus
1132 3039 1263 3100 Latino..

168 3161 241 3200 rum
264 3159 378 3200 nomen
406 3137 550 3220 pertinax
581 3145 613 3198 et
635 3135 833 3197 obstinatum.
855 3137 926 3198 Car.
941 3158 1007 3199 xru.
1049 3139 1263 3201 Veruntamen

168 3237 249 3301 sient
268 3239 404 3300 vicerat
422 3238 574 3316 (Alexim)
594 3235 750 3312 subdolus,
769 3247 880 3318 potens
900 3237 1046 3299 simulare
1068 3246 1100 3298 et
1121 3237 1263 3298 dissimn.

168 3338 233 3402 lare
256 3337 464 3420 propositum,
483 3337 578 3398 missis
598 3335 784 3419 quibusdam
805 3335 961 3399 nobilibus
983 3359 1019 3400 ex
1038 3337 1099 3399 suis
1114 3336 1263 3399 domesti.

168 3440 212 3501 cis
236 3437 432 3500 adeundam
466 3438 569 3500 virum
600 3437 775 3520 egregium,
809 3436 912 3500 verbis
934 3437 1072 3519 pacificis
1093 3438 1122 3502 ei
1140 3438 1263 3500 locutus

168 3538 267 3600 estin
288 3536 386 3615 dolo,
418 3546 541 3600 tentans
560 3534 584 3598 si
609 3535 858 3620 quoquomodo
891 3557 962 3600 enm
982 3548 1086 3622 posset
1107 3538 1263 3620 decipere.

169 3638 242 3700 Car.
255 3659 317 3700 xrv.
338 3637 398 3699 Hic
419 3637 543 3700 demum
557 3637 675 3719 plenius
695 3638 846 3718 innotuit,
864 3638 950 3721 qued
964 3638 1116 3722 quicquid
1135 3639 1177 3701 eis
1199 3639 1264 3700 Im.

168 3745 300 3819 perator
330 3739 485 3815 (Alexin)
519 3736 726 3820 loquebatur,
756 3737 841 3800 fraus
870 3748 937 3800 erat
965 3735 998 3800 et
1022 3737 1264 3800 circumventio.

169 3837 312 3898 Cardu.
336 3838 494 3922 Quodque
502 3837 699 3924 Principibus
719 3836 892 3900 liberaliter
909 3839 1089 3902 contulerat
1110 3839 1264 3918 (Alesios)

169 3958 227 3999 nec
248 3936 443 4002 liberalitatis
466 3948 535 4001 erat
565 3959 624 4002 uec
647 3940 783 4022 gratiae,
803 3939 855 4002 sed
883 3939 1005 4003 timoris
1027 3939 1208 4023 desperati,
1233 3948 1267 4000 et

172 4035 389 4102 fraudulentae
409 4039 573 4104 versutiae.
615 4040 735 4103 Nostris
749 4050 854 4120 autem
872 4041 905 4102 iu
920 4040 1119 4124 simplicitate
1139 4037 1266 4121 spiritns

171 4145 203 4196 et
221 4135 342 4202 sincera
360 4139 424 4204 fide
444 4139 677 4220 incedentibus,
700 4140 751 4206 vix
771 4141 955 4226 persuaderi
972 4149 1101 4226 poterat
1125 4142 1266 4204 Graeco-
