3102 4902
525 267 739 343 smxuois
771 275 846 376 nu
878 279 904 338 ι.
934 275 963 340 ι.
1247 248 1300 332 25

210 429 393 518 οτρότευμα
423 425 480 492 καί
498 428 542 502 εἷς
564 427 746 510 ἀμηχανίαν
773 425 830 509 τη“ν
855 430 1021 506 βασιλείαν
1051 421 1126 514 όλην
1147 430 1302 511 ἐνέβαλλε.

209 536 343 612 πέμπειν
370 521 426 594 oria
453 513 684 618 διεγνώκεισαν.
704 523 758 590 τόν
780 522 856 605 ἐμόν
890 529 1011 609 πατέρα
1047 527 1104 593 τόν
1136 527 1304 612 Κομνηνόν

204 631 343 707 Ἀλίξιον
367 626 444 692 κατὰ
471 629 530 690 τοῦ
556 629 751 709 Βρυοννιόυ,
782 627 965 705 όομόστικον
994 630 1060 692 τῶν
1083 631 1207 710 σχολῶν
1229 622 1305 712 όρτι

208 729 499 814 προχειρισθέντα,
519 724 600 807 μετό
634 727 697 790 τῶν
727 725 867 790 ε’νουσαῖν
896 722 1085 807 όυνόμεων.·
1112 730 1158 804 εἰς
1182 727 1244 811 γόρ
1266 728 1303 792 τό

183 834 202 896 5
209 829 304 914 μέρος
329 829 421 892 τοῦτο
452 825 473 910 ἡ
504 826 652 907 βασιλεία
678 823 846 906 Ῥωμαίων
871 825 918 898 εἰς
943 816 1118 908 τοόσχατον
1145 827 1305 912 ε’ληλόθει.

209 927 251 994 τό
271 950 306 993 τι
325 924 386 1011 γόρ
415 923 479 1011 ἑῷα
507 925 571 990 τοῖν
598 921 842 1008 στρατευμάτων
869 915 949 987 ἄλλο
978 925 1124 1008 α’λλαχσῦ
1143 927 1305 992 όιεσκόόα·

210 1050 288 1112 σεο,
314 1029 378 1092 τόν
412 1025 559 1106 Τούσκων
589 1023 849 1108 όφαπλωθόντων
878 1021 934 1088 καί
952 1021 1055 1089 πόντα
1082 1023 1198 1107 σχεδόν
1215 1047 1305 1112 περι·
1313 1037 1341 1090 P.
1354 1053 1385 1090 ιο

212 1127 368 1210 σχόντων,
385 1117 447 1190 dos
469 1123 623 1202 Εόξείνου
641 1122 759 1186 κόπου
780 1121 849 1188 ἐστί
866 1121 987 1202 μεταξὺ
1009 1122 1065 1187 καί
1077 1125 1306 1208 Ἑλλησπόντου

213 1223 268 1290 καί
286 1222 427 1306 Αἰγαίου
445 1247 479 1286 τε
511 1221 566 1286 καί
586 1224 747 1303 Συριακοῦ
775 1218 934 1305 πελάγους
960 1219 1085 1286 κόλπων
1104 1245 1138 1287 τε
1166 1226 1230 1288 sois
1250 1216 1308 1290 sit-

167 1330 277 1391 ιολων
305 1323 360 1389 κατ’
382 1321 523 1405 μάλιστα
551 1316 661 1390 ὁπόσοι
684 1323 888 1404 Παμφυλίαν
904 1343 940 1384 τε
969 1319 1023 1385 καί
1041 1323 1178 1398 Κιλικας
1205 1347 1310 1408 παρα.

212 1425 375 1508 μείβοντες
403 1424 436 1498 ἐς
464 1421 500 1485 τό
525 1423 658 1502 πέλαγος
685 1421 871 1485 ἐκπίπτουσι
898 1418 933 1486 τό
957 1417 1148 1503 Αἰγύπτιον.
1190 1424 1312 1505 τὰμὲν

214 1516 272 1588 σόν
293 1518 357 1612 {qiu
379 1520 602 1604 στρατεόματιι
623 1511 726 1594 οότως
753 1515 865 1602 ἔσχον·
918 1518 958 1586 τό
989 1523 1025 1586 δὲ
1046 1525 1103 1604 τῆς
1122 1519 1313 1609 ἑσπέραςός

215 1620 270 1690 τόν
300 1625 473 1708 Βρυόννιον
502 1619 724 1703 συρρεόσαντα
755 1621 804 1695 εἷς
831 1620 942 1685 στενόν
972 1621 1091 1704 κομιδῆ
1123 1623 1181 1687 καί
1209 1621 1314 1707 ὀλίγον

214 1721 399 1806 στράτευμα
419 1718 478 1804 τὴν
497 1720 662 1802 βασιλείαν
681 1719 785 1803 cipiet
803 1715 979 1802 Ῥωμαίων.
1023 1720 1184 1786 araverat
1197 1745 1233 1786 τε
1251 1721 1314 1806 γόρ

170 1828 300 1898 τότινες
317 1822 401 1912 αότῇ
429 1820 684 1905 κατελείφθησαν
709 1819 791 1900 χθὲς
820 1822 874 1884 καὶ
906 1819 1016 1904 προόην
1039 1821 1151 1904 ξίφους
1178 1820 1315 1904 ἡμμένοι

219 1922 274 1988 καί
293 1921 449 2004 δόρατος,
479 1923 536 1984 καί
553 1939 636 1995 τινες
664 1920 700 1982 ότι
729 1921 787 1984 rori
808 1915 970 2001 Χοόματος
986 1923 1182 2004 στρατιῶται
1203 1920 1342 2005 όλίγοι,Β

220 2025 275 2087 καί
303 2021 442 2105 Κελτική
474 2043 520 2094 τις
553 2016 688 2102 στρατιὰ
723 2020 768 2092 εἷς
799 2020 924 2101 ὀλίγους
953 2016 1041 2095 τινὰς
1077 2021 1315 2102 περιισταμένη.

219 2121 345 2195 τούτους
367 2117 406 2204 δη
431 2121 474 2205 τῷ
495 2121 562 2206 &uqi
582 2118 680 2202 πατρί
702 2117 833 2204 Ἀλεξὰρ
849 2115 996 2203 deridunt,
1014 2115 1071 2186 καί
1093 2111 1164 2199 ἅμα
1182 2112 1316 2198 συμμό-

218 2245 296 2302 χοος
327 2217 390 2284 eiad
421 2223 484 2284 reis
515 2215 664 2302 Τοόρκων
691 2215 1003 2301 προσκαλεσάμενοι,
1037 2219 1154 2296 ἐξιέναι
1181 2215 1213 2281 oi
1240 2218 1318 2300 aspi

141 2401 143 2403 Ι
168 2319 275 2387 εοτόν
293 2307 429 2402 βασιλέα
443 2321 655 2404 προσέταττον
675 2314 731 2380 καί
749 2312 904 2397 ξυμμίξαι
920 2317 965 2403 τῷ
977 2317 1150 2407 Βρυενυίιρ,
1169 2310 1212 2382 οὗ
1230 2319 1317 2399 μᾶλ-

218 2424 273 2484 λον
294 2421 340 2495 εἰς
366 2415 425 2502 τήν
450 2418 646 2504 όφεπομόνην
671 2411 826 2500 στρατιὰν
850 2418 1048 2500 θαρροῦντες
1068 2414 1152 2502 deis
1174 2415 1211 2483 τό
1232 2411 1314 2504 φρό-

287 2587 315 2642 9·
334 2569 474 2641 πελάγους
497 2569 593 2639 osipus
615 2573 664 2622 stoi
691 2567 747 2624 τῶν
770 2566 861 2624 ἄλλων
883 2568 928 2630 G,
956 2571 1081 2642 Αἰγαίου
1100 2571 1152 2624 καλ
1170 2569 1316 2636 Συριακοῦ

289 2641 430 2714 πελάγους
456 2645 505 2693 καλ
529 2640 586 2696 τῶν
605 2639 696 2700 ἄλλων
712 2640 825 2696 κόλπων
843 2637 948 2696 ὁπόσοι
965 2643 995 2693 Α.
1095 2658 1135 2694 ιι.
1156 2642 1314 2714 &metandu-

288 2727 321 2767 os
340 2713 404 2778 PG,
422 2714 589 2768 ἐκπίπτουσι
607 2711 636 2764 λ,

221 2879 289 2932 haee
305 2886 437 2932 terrorem
461 2877 596 2930 Bataniati
620 2876 803 2940 incutiebant,
829 2874 1028 2931 conturbabant
1052 2877 1135 2930 etiem
1153 2876 1314 2938 exercitum,

221 2967 278 3022 quo
299 2951 444 3002 instructus
463 2955 530 3011 erat,
551 2956 579 3000 et
597 2948 751 3000 universum
770 2949 912 3018 imperium
929 2941 1111 3000 indiscrimen
1132 2947 1313 3002 adducebant

222 3023 308 3074 visum
328 3029 369 3074 est
386 3021 470 3087 igitur
490 3019 616 3072 Alexinrn
636 3019 804 3071 comnenum
848 3028 933 3071 atrem
950 3037 1057 3084 meum,
1076 3019 1208 3088 dignitate
1224 3021 1315 3088 magni

221 3091 363 3144 domestici
380 3090 531 3142 scholarum
547 3105 636 3158 nuper
653 3098 777 3153 auctum,
803 3106 818 3140 a
839 3105 929 3142 versus
949 3091 1110 3156 Bryenniom
1128 3091 1237 3144 mittere
1253 3107 1315 3141 cum

221 3171 298 3215 tanta
317 3169 421 3233 quanta
438 3161 517 3212 licuit
538 3161 655 3214 militum
676 3177 766 3212 manu.
797 3175 858 3212 nam
877 3177 933 3212 rem
950 3161 1095 3212 militarem
1114 3161 1188 3230 quod
1207 3161 1315 3224 attinet,

221 3235 405 3286 Romanorum
427 3231 568 3300 imperium
593 3231 628 3282 ad
655 3241 802 3284 extremum
827 3231 990 3297 devenerat3
1017 3231 1163 3283 orientales
1181 3230 1315 3301 siquidem

222 3306 357 3357 exereitus
375 3303 424 3370 elii
442 3301 498 3354 alio
518 3301 578 3354 loeo
600 3301 725 3372 dispositi
743 3307 828 3364 erant,
846 3309 877 3353 ut
890 3303 985 3354 ancis
998 3303 1161 3365 resisterent,
1178 3303 1227 3372 qui
1247 3302 1314 3353 fines

204 3371 354 3444 'paulatim
379 3376 551 3444 protulerant
578 3382 606 3427 et
632 3389 724 3424 omnes
749 3374 806 3425 sere
828 3373 951 3440 regiones
980 3372 1127 3434 tenebant,
1151 3389 1223 3442 quae
1247 3373 1314 3424 marl

221 3447 330 3500 Euxino
348 3446 584 3514 Hellespontoque
602 3452 629 3496 et
643 3443 742 3512 Aegaei
762 3443 920 3513 Syriaciqus
941 3443 1019 3494 maris
1039 3445 1184 3510 cinguntur
1200 3443 1315 3496 sinubus

222 3533 284 3569 cum
303 3517 382 3582 aliis,
399 3524 457 3568 tum
472 3515 630 3585 praesertim
656 3515 705 3577 ils,
731 3513 780 3583 qui
800 3512 984 3582 Pamphyliam
1003 3513 1179 3584 Ciliciamque
1199 3521 1314 3584 tangen-

223 3595 264 3639 tes
280 3589 310 3639 in
326 3603 399 3639 mare
418 3587 578 3654 Aegyptium
599 3585 777 3636 delabuntur:
807 3584 953 3636 orientales
971 3585 1055 3652 igitur
1074 3586 1207 3638 exereitus
1227 3585 1267 3638 ita
1284 3602 1314 3638 se
1354 3587 1357 3600 '

224 3657 378 3724 habebant3
405 3655 588 3709 occidentales
612 3666 702 3709 antem
728 3654 848 3723 legiones
873 3652 909 3706 ad
930 3655 1093 3722 Bryennium
1120 3657 1314 3718 confluxerant,

224 3735 256 3780 ut
273 3729 353 3780 exilis
380 3727 524 3780 admodum
537 3743 691 3798 parvusque
713 3727 847 3779 exercitus
866 3726 1022 3796 imperatori
1042 3729 1207 3779 remanserit.
1250 3744 1313 3780 nam

224 3805 253 3851 et
280 3799 444 3851 immortales
466 3799 594 3851 nonnulli
620 3799 719 3870 reliqui
741 3805 831 3860 erant,
856 3796 904 3867 qui
926 3814 1013 3867 nuper
1037 3797 1182 3850 admodum
1208 3797 1313 3868 gladios

222 3867 369 3940 'hastasque
389 3877 502 3924 tractare
519 3877 679 3940 coeperant,
708 3876 736 3921 et
753 3869 834 3938 pauci
852 3867 964 3938 quidam
981 3869 1030 3939 qui
1049 3886 1064 3920 e
1085 3869 1217 3924 Chomate
1235 3877 1313 3922 erant

224 3941 342 4003 milites,
360 3948 389 3992 et
407 3941 530 3992 Gallicae
549 3942 643 4009 copiae
660 3939 695 3992 ad
714 3941 839 4008 exiguum
864 3955 1005 3990 numerum
1025 3937 1158 3992 reductae.
1194 3939 1242 3992 has
1260 3941 1314 4010 igi-

225 4019 270 4062 tur
289 4013 381 4081 copias
409 4012 481 4081 patri
501 4028 562 4063 meo
579 4012 674 4064 Alexio
695 4011 843 4080 imperator
864 4010 991 4071 tradidit,
1016 4011 1151 4082 simulque
1170 4011 1313 4064 arixiliisa

226 4081 321 4132 Turcis
349 4082 491 4150 expetitis,
516 4081 620 4150 ingredi
644 4080 846 4150 expeditionem
871 4089 898 4133 et
924 4081 1070 4152 confligere
1093 4099 1153 4134 cum
1179 4081 1313 4148 Bryennio

227 4167 287 4204 eum
309 4151 401 4215 iubet,
420 4169 476 4205 nou
493 4161 547 4206 tam
566 4153 685 4205 exercitu
703 4153 750 4223 qai
763 4169 824 4204 eum
843 4152 1006 4223 sequebatur
1023 4152 1127 4218 fretus,
1147 4169 1227 4224 quam
1246 4169 1312 4204 coa-
