3102 4902
646 266 887 377 rnatrtrro.
1267 313 1310 374 Xl

219 450 393 526 biblioth.
427 448 652 526 Laurentiae.
681 453 784 524 Tem.
799 453 839 524 ΙΙ.
866 478 903 551 p.
920 453 1003 526 656.
1042 454 1091 525 ita
1118 451 1310 524 describit:

221 569 619 668 „Animadvertendum
642 587 715 668 est,
753 575 894 672 iuquit,
924 575 1048 648 deesse
1082 578 1122 648 in
1151 577 1224 650 hoc
1249 603 1312 648 ex-

223 698 375 794 emplari
412 709 531 768 toturn
566 697 639 768 lcrc
662 697 876 794 Prologum,
901 697 1002 770 cuius
1025 713 1166 774 tantum
1192 715 1313 774 extant

222 823 351 894 ultima
376 822 503 893 verba:
536 817 661 890 τοίνυν
696 814 844 892 ἐνθένδε
871 827 934 904 τῆς
967 823 1138 922 ἱστορίας
1163 853 1193 896 κ.
1218 851 1252 895 ν.
1277 827 1310 899 λ.

177 1029 180 1034 ,
222 945 306 1018 Mox
339 945 468 1040 incipit
492 943 651 1027 Ἀλεξιὰς
683 943 816 1043 πρώτη.
876 944 916 1016 Ὁ
951 943 1126 1040 βασιλεὺς
1160 943 1313 1029 Ἀλέξιος

224 1095 256 1140 κ.
282 1070 314 1142 λ.
373 1071 513 1142 Desinit
536 1068 576 1142 in
600 1071 709 1144 Libro
723 1069 807 1144 xlv.
844 1072 883 1143 in
905 1072 1041 1144 verbis:
1072 1069 1132 1140 aul
1151 1069 1227 1172 ¹ede
1251 1066 1314 1141 δυ-

226 1183 351 1286 νάμεις
376 1193 544 1288 ἁπάσας,
571 1219 665 1291 quae
687 1193 855 1268 incidunt
870 1197 910 1266 in
925 1195 1012 1268 edit.
1031 1195 1140 1267 Paris.
1158 1219 1194 1290 p.
1208 1190 1315 1289 449„

225 1316 291 1386 ubi
317 1313 512 1388 adnotatur
544 1317 582 1388 in
614 1317 794 1415 margine:
826 1315 914 1390 “Hic
940 1317 1063 1390 deficit
1088 1315 1210 1391 Codex
1235 1321 1316 1390 Flo-

228 1437 422 1510 reatinus.''
473 1438 571 1510 Alius
592 1453 778 1536 praeterea
792 1437 951 1512 delectus
963 1439 1121 1512 duorum
1145 1441 1316 1514 foliorum

153 1575 157 1588 ’
231 1574 306 1634 crat
330 1561 453 1658 paullo
476 1575 560 1636 ante
578 1561 690 1634 finem
709 1559 874 1657 Codicis,
898 1577 940 1635 ut
964 1589 1008 1634 cx
1033 1565 1197 1661 apposita
1220 1587 1317 1634 mar·

225 1684 335 1782 ginali
356 1700 443 1758 nota
458 1687 607 1780 eruitur,
630 1685 704 1758 ἀπὸ
724 1691 796 1759 τῶν
813 1679 881 1758 ὧδε
901 1685 1069 1758 λείπουσι
1088 1688 1218 1785 φύλλα
1239 1678 1317 1776 δύο,

229 1810 295 1906 qui
320 1807 457 1882 deinde
473 1835 586 1885 manu
601 1811 689 1882 item
708 1812 858 1908 antiqua
881 1810 1066 1908 suppletus
1092 1811 1168 1884 luit.
1195 1807 1319 1882 Codex

226 1935 527 2008 membranaceus
539 1931 613 2004 MS.
629 1927 719 2006 inll.
744 1933 894 2027 maiori,
919 1933 1019 2004 Sacc.
1034 1932 1128 2026 xlt,
1152 1933 1318 2006 omnium

227 2057 564 2151 praestantissimus,
577 2079 688 2152 quem
700 2056 756 2126 rel
773 2053 994 2151 descriptum
1008 2055 1064 2125 vel
1078 2056 1319 2150 approbatum

227 2179 274 2252 ab
300 2180 378 2276 ipsa
388 2178 493 2253 Anna
517 2177 747 2252 doctissimus
759 2177 912 2274 Longius
936 2178 1147 2274 suspicatur.
1174 2175 1321 2248 Constat

229 2302 327 2374 loliis
350 2303 491 2398 scriptis
517 2298 629 2396 2105
687 2299 778 2374 Cum
813 2303 899 2389 hcc¹
917 2301 1125 2374 Florentino
1151 2301 1225 2372 sire
1249 2325 1320 2397 po-

229 2425 302 2496 tius
321 2424 484 2498 Medieeo
509 2425 637 2498 codice
655 2426 755 2498 liber
780 2425 1034 2498 Gronorianus
1059 2425 1109 2496 ita
1134 2425 1321 2522 congruit,

228 2562 270 2621 ut
292 2563 371 2648 tota
396 2551 574 2624 Praelatio
600 2549 779 2624 Alexiadis
810 2551 873 2622 hie
894 2574 1045 2647 quoque
1078 2548 1192 2642 desit,
1217 2571 1323 2644 prae·

229 2688 286 2746 ter
316 2676 429 2748 verba
462 2689 621 2750 extreme
642 2675 767 2749 τοίνυν
792 2671 940 2748 ἐνθένδε
972 2689 1062 2768 etc,
1092 2697 1186 2770 quae
1210 2680 1322 2768 p.11,

231 2802 267 2868 7.
291 2795 348 2870 ed.
376 2809 489 2874 nostr.
517 2799 694 2895 leguntur.
746 2795 915 2891 Accedit,
948 2795 1051 2893 quod
1076 2820 1097 2867 a
1120 2794 1208 2866 solio
1236 2792 1323 2865 inde

231 2920 405 2996 vicesimo
430 2920 565 3016 passim
589 2935 665 2994 tarn
697 2921 737 2992 in
760 2921 923 3018 margine
956 2945 1068 3018 quarn
1091 2920 1186 2991 inter
1210 2917 1324 2990 lineas

228 3044 438 3118 ,varietatem
458 3043 606 3117 exhibet
617 3044 829 3136 lectionum,
846 3039 962 3116 modo
980 3041 1108 3112 litteris
1119 3039 1196 3132 Fe,
1207 3037 1322 3110 modo

232 3165 275 3238 F.
291 3168 384 3260 solo,
409 3168 627 3240 distinctam.
656 3165 798 3258 Quibus
814 3166 940 3239 litteris
961 3165 1128 3238 codicem
1147 3162 1324 3234 Florenti·

231 3313 321 3361 num
340 3289 534 3388 designari,
548 3315 658 3364 uerno
674 3314 750 3364 non
765 3289 875 3362 ridet.
901 3291 1048 3362 Praeter
1060 3288 1126 3360 has
1139 3287 1325 3380 lectiones,

231 3437 351 3510 quae,
381 3413 482 3486 unde
512 3418 696 3520 venerint,
731 3417 831 3514 ipsae
869 3417 1091 3514 loquuntur,
1127 3414 1324 3486 nonnullae

231 3533 362 3627 etiam,
385 3537 542 3610 maxime
568 3561 611 3610 cx
625 3538 681 3631 iis,
708 3561 802 3635 quac
823 3539 929 3615 lineis
944 3539 1206 3634 superscriptae
1228 3549 1324 3631 sunt,

231 3659 333 3732 omni
360 3659 540 3737 eiusmodi
565 3662 829 3760 significatione
860 3671 995 3736 carent.
1048 3664 1234 3757 Quoniam
1260 3687 1325 3736 au-

232 3792 308 3852 tem
340 3782 497 3858 eandem
529 3789 637 3882 plane
671 3787 855 3863 scribendi
889 3786 1147 3881 diversitatem,
1172 3812 1215 3860 ac
1240 3785 1326 3860 reli·
1420 3793 1422 3798 ’

232 3926 305 3996 qua
339 3930 381 3976 ex
409 3905 572 3980 Mediceo
598 3909 744 4004 hausta,
775 3936 863 4008 prae
887 3937 925 3982 se
952 3911 1092 4004 serunt,
1117 3911 1209 3983 nihil
1235 3909 1327 3982 milri

233 4027 460 4118 probabilius
485 4031 647 4128 ridetur,
673 4060 783 4131 quam
809 4037 875 4108 has
908 4061 1059 4134 quoquc
1085 4037 1261 4108 lectiones
1286 4059 1329 4106 cx

234 4148 366 4254 eodem
392 4155 492 4232 fonte
518 4155 694 4234 derivatas
720 4183 806 4234 esse.
840 4158 1008 4236 Cetemm
1033 4161 1233 4257 specimina
1262 4159 1329 4232 ista
