3102 4902
527 363 530 375 ·
629 339 871 408 emmeno.
1055 431 1059 440 Ι
1200 344 1282 408 xxv

142 597 146 602 Ι
187 497 334 592 veteris,
361 499 426 569 ubi
452 523 545 596 opus
575 497 778 594 ridebitur,
808 500 968 572 rationes
991 494 1164 592 reddam,
1190 511 1227 570 et
1250 501 1281 571 ei

185 624 278 696 sorte
300 622 446 720 longior
468 647 572 716 nous,
597 637 638 694 nl
663 624 812 716 assolet,
838 623 992 695 meliora
1014 647 1074 694 me
1100 622 1281 718 docuerit,
1340 675 1344 682 -

187 771 229 818 ea
262 744 407 818 addam.
472 747 562 820 Nam
597 747 665 819 elsi
701 749 757 820 vix
790 747 863 819 ulla
892 745 1065 820 editionis
1096 742 1304 818 Parisinae‘

185 869 317 966 pagina
341 883 407 963 est,
431 871 471 942 in
497 895 571 967 qua
584 884 731 943 nonter
746 871 969 968 ampliusrel
982 870 1160 942 librorum
1186 871 1278 942 seri·
1315 893 1318 902 ’

186 1005 293 1088 ptura
317 993 448 1066 melior
468 996 643 1088 restituto,
667 995 723 1067 vel
740 991 984 1066 coniectando
1002 995 1132 1068 veritas
1149 993 1279 1065 lectio·

187 1116 244 1188 nis
268 1117 414 1188 inventa
435 1119 498 1211 sil,
520 1132 645 1194 temen
669 1130 809 1190 tantum
834 1118 953 1211 abest,
976 1129 1018 1190 ut
1041 1138 1278 1214 perpurgaese

185 1240 258 1311 iam
283 1252 420 1312 texmm
443 1241 536 1313 mihi
559 1239 702 1336 videar,
726 1254 769 1313 ut
798 1265 876 1314 non
899 1263 1017 1339 pauca
1041 1240 1153 1314 etiam
1179 1263 1279 1314 nuno

185 1360 345 1437 residere
391 1361 536 1437 doleam
543 1418 555 1459 ,
595 1389 690 1462 quae
730 1362 917 1437 emendari
960 1378 1124 1461 poseant.
1176 1363 1278 1455 Quin

187 1510 289 1558 nuno
330 1487 476 1584 ipsum,
509 1487 598 1562 dum
641 1489 716 1562 hoo
755 1489 955 1582 volumen,
983 1487 1128 1584 pridem
1163 1512 1187 1560 a
1216 1513 1278 1562 me

191 1609 410 1705 absolutum,
433 1624 610 1710 tanquam
635 1613 773 1686 alienus
787 1625 981 1708 spectator,
1005 1613 1198 1708 perlustro,
1221 1612 1276 1683 ri-

185 1732 237 1802 tia
262 1735 438 1806 nonnulla
467 1732 718 1831 deprehendi,
757 1736 811 1807 vel
832 1757 981 1832 prorsus
1005 1758 1027 1807 a
1055 1759 1116 1806 me
1153 1735 1276 1832 negle-

182 1867 254 1949 ειν,
278 1855 478 1928 velminns
504 1855 655 1930 feliciter
678 1869 826 1931 tentata.
854 1854 963 1930 Cuius
976 1855 1144 1954 *dupliois
1164 1881 1277 1954 gene-

184 1978 237 2050 ris
258 1981 422 2077 exempla
447 1981 588 2080 aliquot
610 1982 675 2054 bie
696 1985 916 2080 'proponam
968 1981 1179 2076 Pag.9,1o.
1206 2003 1276 2077 pro

183 2118 357 2201 corrupto
381 2105 571 2201 θειοτέρας
594 2107 672 2205 lege
697 2106 898 2204 θειοτέρου.
949 2107 1031 2179 Mox
1057 2107 1080 2176 l.
1097 2107 1155 2176 15.
1182 2103 1278 2176 reei-

182 2249 272 2321 pere
304 2223 506 2323 debebam,
537 2229 641 2326 quod
664 2227 898 2302 Hoesohelins
923 2228 1101 2321 coniecit,
1129 2224 1201 2324 ἀφ’
1224 2217 1273 2308 ἦς.

180 2353 402 2445 ·17,11.μιο
421 2351 458 2420 ol
476 2353 543 2443 μὲν
560 2351 629 2448 γὰρ
642 2353 760 2425 scribe
774 2352 811 2432 oi
826 2353 892 2445 μὲν
905 2343 982 2423 οὖν.
1043 2351 1276 2445 18,13.όμῐν

182 2494 312 2544 senum
330 2487 393 2584 est:
445 2478 507 2569 21,
520 2479 556 2546 2.
570 2475 610 2547 in
620 2475 740 2547 verbis
752 2457 897 2555 ότλωτο
915 2474 982 2566 μὲν
998 2474 1046 2570 τῇ
1063 2477 1118 2570 γῇ,
1135 2469 1277 2544 dativus

182 2619 263 2669 non
293 2597 427 2692 habet,
456 2596 556 2672 unde
582 2596 751 2698 pendent.
799 2597 926 2692 Quare
958 2600 1037 2696 lege
1068 2596 1275 2696 ἐφήτλωτο.
1400 2617 1405 2626 ·

184 2717 299 2810 Quod
309 2721 462 2796 verbum
486 2722 596 2794 etiam
612 2721 711 2819 apud
725 2722 872 2818 Glyoem
890 2747 927 2818 p.
941 2723 1028 2815 623,
1040 2721 1076 2794 9.
1099 2721 1137 2792 in
1148 2719 1277 2793 vitium

183 2841 286 2936 abiit,
306 2843 504 2957 alleldrero
531 2859 709 2918 notatum.
736 2843 878 2917 Deinde
903 2845 926 2915 Ι.
942 2848 976 2915 7.
990 2855 1088 2916 recte
1100 2842 1141 2915 Α.
1165 2836 1277 2937 ἐγκεί-

183 2989 304 3056 μενον.
329 2967 402 3041 Neo
427 2967 548 3041 minus
568 2969 729 3065 probum
755 2982 820 3062 est,
843 2966 946 3066 qnod
969 2968 1065 3040 110.
1092 2968 1131 3039 in
1157 2968 1197 3038 G.
1224 2967 1277 3038 le-
1390 3017 1396 3028 .

178 3090 300 3186 gitur,
329 3091 587 3188 πανταχόθεν.
614 3092 750 3166 Eadem
768 3093 974 3190 corruptela
997 3086 1184 3189 p.32,14.
1204 3091 1277 3162 tol-

180 3210 303 3306 lenda,
327 3215 412 3286 licet
435 3239 563 3288 omnes
579 3217 663 3289 libri
679 3213 902 3312 πανταχόθι
924 3215 1094 3288 habeant.
1145 3208 1207 3308 24,
1220 3213 1275 3284 15.

180 3339 364 3434 voooriro,
397 3336 501 3434 qnod
535 3338 577 3412 G.
606 3333 688 3434 όεῐ,
720 3365 798 3412 non
822 3337 1076 3437 recipiendum
1098 3348 1184 3408 ‚erat
1207 3361 1276 3432 pro

181 3461 319 3556 rariore
348 3465 538 3543 τοσοῦτος.
597 3462 837 3535 Loerrtionem
872 3461 1045 3559 exemplis
1076 3482 1159 3531 eum
1185 3459 1277 3530 alio-

181 3597 263 3654 rum
286 3585 530 3680 scriptorum,
551 3599 630 3659 tum
653 3588 766 3684 ipsius
789 3586 917 3658 Annae
940 3610 977 3682 p.
991 3588 1075 3658 381.
1090 3585 1127 3654 Β.
1152 3581 1278 3656 firma-

181 3704 400 3778 vitLobeck
424 3705 472 3779 ed
495 3708 628 3804 Phryn.
656 3704 786 3806 pll‘lll.
863 3698 997 3803 27,10.
1024 3704 1102 3804 lege
1124 3729 1209 3779 eum
1235 3705 1275 3776 Α.

179 3829 394 3921 μεμαθήκει.
446 3829 508 3923 29,
519 3832 552 3903 6.
573 3856 642 3929 pro
658 3833 789 3904 vitioso
814 3829 1052 3922 α’τελάττειν,
1076 3851 1176 3902 nuno
1201 3852 1278 3901 non

184 3950 328 4047 dubito,
354 3955 447 4052 quin
460 3954 673 4052 reponenda
688 3956 734 4027 sil
753 3955 861 4057 leelio
876 3952 916 4024 Α.
944 3953 1163 4052 φυλάττειν.
1215 3956 1277 4046 37,

182 4076 215 4146 5.
240 4077 441 4168 μεμηνόσιν
475 4076 571 4173 ἐῴκει
595 4076 658 4148 καὶ
690 4072 773 4148 οότε
800 4073 990 4176 ῥᾳστώνης
1023 4077 1062 4147 ἐν
1086 4078 1194 4172 χρείᾳ
1220 4069 1273 4156 ἦν.

182 4196 323 4322 Feretro
348 4201 489 4276 conieci
514 4199 578 4274 καὶ
604 4195 687 4274 οὔτε
712 4225 759 4296 γε.
786 4199 879 4296 Lege
910 4196 975 4274 καὶ
999 4200 1043 4270 οὐ
1068 4204 1131 4282 τῆς
1155 4200 1187 4297 ῥ.
1222 4201 1274 4272 llo
