3102 4902
632 345 876 410 PRAEFATIO.
1181 345 1280 408 XXlii

193 487 415 589 σογγραφεῠ,
436 481 508 560 τῶν
520 482 683 578 Σκυθῶν,
707 489 751 568 ὡς
772 485 852 585 φῇς,
874 480 1094 578 λῃζομένων
1117 479 1281 576 ἅπαντα,

191 618 237 698 ὡς
261 613 324 686 καὶ
347 612 415 694 τοὶς
438 614 557 696 πύλας
580 619 645 695 τῆς
677 611 814 692 πόλεως
848 610 1128 682 ὑποκλίνεσὲαι.
1178 609 1283 703 Quo-

192 767 275 814 rum
311 739 533 810 scholiorum
568 738 743 812 nonnulla
776 737 814 810 in
848 734 906 808 ed.
928 736 1014 832 Reg.
1047 735 1158 806 latine
1181 759 1283 808 versa

194 863 359 936 ridemus
391 875 429 932 et
459 858 593 934 edita.“
641 860 697 932 Ab
730 861 805 932 hoc
838 856 967 932 codice
997 858 1169 932 Vaticano
1204 882 1283 930 non

193 986 377 1060 diversum
401 999 492 1083 puto
528 1011 626 1080 eum,
645 984 745 1058 unde
769 985 843 1056 Leo
869 983 1034 1077 Ailatius,
1058 1005 1142 1054 cum
1167 979 1282 1054 editio
1391 1048 1393 1064 ,

192 1112 354 1186 Parisina
385 1109 553 1182 nondum
584 1125 788 1208 prostaret,
818 1107 903 1182 satis
941 1107 1062 1204 ampla
1086 1106 1284 1203 fragmenta

195 1235 378 1333 descripta
402 1235 555 1308 inseruit
576 1237 672 1308 libro
699 1233 747 1307 de
769 1235 902 1308 Eccles.
923 1230 1114 1306 Occident
1140 1242 1177 1302 et
1198 1227 1284 1302 Ori-

194 1373 267 1431 ent.
305 1373 482 1456 perpetua
511 1357 778 1453 consensione,
797 1358 879 1455 „qni
912 1354 1039 1430 Colon.
1072 1354 1218 1452 Agripp.
1249 1377 1283 1426 a.

196 1479 305 1555 1648.
329 1479 365 1554 4.
388 1482 540 1581 prodiit·
590 1485 670 1582 Ipse
696 1481 849 1582 quidem
863 1481 1023 1575 Alterius,
1049 1480 1114 1577 qui
1140 1478 1285 1550 incom-

193 1606 326 1679 modus
351 1609 484 1681 saeculi
508 1635 590 1682 mos
617 1621 717 1701 erat,
744 1609 837 1683 nihil
861 1607 910 1680 dc
933 1604 1061 1678 codice
1085 1628 1151 1676 suo
1176 1600 1284 1674 addi·

194 1729 259 1804 dit.
309 1729 383 1802 Sed
405 1744 530 1804 tamen
551 1735 761 1806 coniectura
786 1757 869 1806 mea
880 1731 1036 1804 multum
1061 1724 1149 1800 inde
1172 1724 1287 1797 habet

196 1853 477 1952 probabilitatis,
503 1855 607 1954 quod
615 1855 763 1930 Allntius
784 1857 820 1929 ei
840 1855 909 1953 ipsi
922 1851 1171 1927 Bibliothecae
1194 1850 1285 1920 olim

193 1977 370 2074 praefuit,
398 2001 495 2076 quae
529 1978 696 2052 codicem
737 1980 839 2052 illurn
876 1976 1059 2074 possidet,
1102 1999 1124 2048 a
1162 1973 1284 2045 Fulvio

194 2098 341 2195 Ursino,
363 2115 406 2174 ut
429 2101 600 2196 arbitror,
623 2103 791 2198 legatum.
822 2075 1089 2174 vicennarii
1116 2098 1186 2169 lter
1210 2095 1285 2168 Ital.

192 2221 251 2294 ΠΙ.
276 2225 385 2321 pet.
411 2224 485 2296 lam
508 2249 595 2318 vero
616 2223 834 2320 fragmenta,
858 2223 905 2296 ab
918 2223 1047 2297 Allatio
1072 2221 1096 2292 l.
1111 2221 1152 2292 ΙΙ.
1179 2242 1211 2290 c.
1228 2223 1285 2290 10.

192 2348 331 2444 poto.
352 2348 437 2418 629.
462 2349 548 2418 631.
570 2349 655 2420 633.
679 2349 765 2422 636.
790 2345 957 2444 prodita,
986 2343 1088 2418 haud
1120 2344 1284 2441 exiguam

192 2471 410 2566 variantium
433 2471 635 2544 lectionum
665 2472 811 2569 copiam
837 2471 1048 2565 continent,
1080 2492 1171 2565 quas
1196 2465 1284 2540 inde

193 2593 391 2688 exsignatas
424 2592 573 2666 sedibus
602 2593 676 2666 suis
700 2617 981 2687 memorassem,
1005 2592 1075 2664 nisi
1098 2591 1216 2663 Aliatii
1239 2590 1286 2662 li-

191 2717 302 2788 brum
333 2739 414 2788 sero
448 2718 697 2815 inspexissem.
749 2718 876 2814 Itaque
910 2741 990 2812 eas,
1024 2729 1205 2814 quatenus
1238 2711 1288 2786 ad

192 2841 268 2913 hoc
290 2843 471 2915 Volumen
500 2845 705 2938 pertinent,
738 2867 838 2916 nunc
860 2844 952 2916 libet
975 2841 1201 2935 adscribere3
1226 2865 1288 2914 re-

192 2963 312 3060 liquas
327 2979 332 2991 “
346 2966 450 3038 alteri
483 2967 668 3038 Volumini
701 2989 888 3063 seponam.
936 2965 1030 3037 Sunt
1054 2979 1176 3036 antem
1197 2964 1286 3036 hae:

193 3086 606 3184 p.265,15.ed.n0str.
632 3081 836 3188 τάδελφοῦ.
890 3090 948 3160 19.
973 3083 1136 3158 ἅλλοίτα.
1199 3087 1286 3180 266,

168 3206 229 3282 -4,
253 3207 354 3280 κατοῒ
378 3208 447 3282 τόν
481 3210 649 3308 φάμενον
672 3257 723 3272 -
746 3207 920 3309 γαρυδοῖν.
980 3215 1015 3284 5.
1041 3206 1186 3282 ἑαυτὸν.
1250 3214 1285 3280 7.

176 3333 258 3435 ’ἐφ’
279 3336 425 3409 ἑαυτοῦ.
476 3339 512 3408 8.
531 3330 774 3408 τουτουῒοαι.
827 3342 885 3410 10.
908 3331 1063 3439 novom.
1117 3338 1174 3404 12.
1199 3333 1287 3402 τού-

193 3483 265 3532 των
290 3465 362 3532 τῶν
387 3451 591 3554 δογμάτων.
646 3455 703 3532 14.
715 3454 827 3542 κακῶς
850 3455 902 3555 τῷ
925 3455 1064 3554 Ἰταλῷ.
1122 3461 1180 3531 18.
1194 3483 1289 3531 παν-

195 3583 258 3665 τός
295 3621 344 3638 ·-
387 3585 568 3679 λέγοντος.
647 3589 745 3683 267,
776 3596 809 3660 1.
853 3584 1154 3686 παραιτούμενος.
1231 3590 1289 3653 11.

193 3699 362 3777 ἔσπευσε.
414 3711 579 3802 286,15.
602 3704 873 3802 διανείμασθαι
904 3747 950 3760 —-
978 3693 1180 3778 ἐκέλευσεν(
1232 3709 1291 3777 17.

197 3827 426 3927 ὑπαρόροος.
476 3833 562 3926 1186,
585 3826 622 3902 ll.
645 3827 733 3930 ὅπῃ.
778 3815 878 3923 Quas
913 3829 1066 3928 quidem
1097 3830 1292 3924 lectiones,

198 3952 266 4023 etsi
291 3978 447 4027 numero
475 3955 552 4027 illas
576 3955 780 4052 pauciores,
805 3955 837 4026 si
860 3953 943 4052 quis
968 3979 1051 4026 cum
1064 3955 1292 4051 reliquorum

201 4072 372 4150 codicum
397 4079 583 4175 scripturis
605 4079 882 4176 comparaverit,
905 4078 989 4150 satis
1013 4075 1156 4174 liquido
1177 4079 1293 4173 appa·-

199 4198 306 4294 rcbit,
328 4201 535 4299 exemplum
566 4201 657 4276 illud
689 4225 774 4276 cum
806 4201 1063 4296 Holsteniano,
1096 4225 1172 4298 quo
1199 4199 1295 4274 Gro·
1353 4283 1354 4290 ἵ
