3102 4902
252 303 377 364 XXXVI
653 298 771 362 PETRl
802 298 956 362 POSSlNl

252 469 431 531 autoritatis
455 479 576 530 certum
601 468 717 532 babet:
738 469 787 530 vel
807 468 831 530 si
853 469 1004 550 probares
1027 467 1109 530 solus
1132 468 1348 534 damnantibus

253 579 371 640 cunctis
393 578 432 639 ad
458 578 557 638 famae
579 579 734 638 rationem
768 579 967 659 fructumque
990 577 1291 655 animi,unus1uibi
1313 589 1349 640 tu

154 722 159 744 Ι
243 686 350 774 [instar
364 686 504 763 millium,
518 688 614 747 instar
625 687 761 748 omnium
777 687 888 748 nierito
901 686 993 748 fores.
1017 687 1070 746 Sin
1087 707 1162 747 vero
1176 686 1350 768 reprehen-

251 793 305 872 dis,
326 816 390 857 non
412 796 563 857 contiuuo
575 791 679 856 lusisse
696 817 747 854 me
766 816 894 876 operam
910 803 963 854 aut
983 793 1073 876 plane
1098 796 1179 856 votis
1202 794 1349 858 excidisse

197 971 200 982 ,
254 901 412 964 iudicabo.
454 902 504 963 Ab
527 900 679 964 irretorta
699 902 810 963 ruentis
834 900 883 978 vi,
909 902 946 962 ab
972 903 1106 984 aquilina
1129 902 1350 986 intelligentiae

253 1010 303 1069 illa
328 1019 399 1070 tuoe
419 1009 508 1083 acie,
533 1007 585 1068 eui
606 1009 712 1070 focum
735 1006 835 1069 nullus
857 1008 948 1070 color
968 1009 1088 1088 faeere,
1111 1009 1194 1070 nulla
1213 1030 1247 1070 se
1268 1031 1348 1091 pro-

252 1119 329 1179 bare
351 1118 480 1178 mendax
499 1116 600 1198 gratia
612 1162 621 1192 ,
644 1115 728 1176 nulla
755 1117 879 1197 placere
909 1116 968 1178 uisi
997 1120 1067 1178 viva
1088 1119 1256 1200 nativaque
1278 1117 1350 1199 pul-

253 1223 400 1285 chritudo
421 1234 546 1306 potest,
570 1223 609 1286 ad
634 1224 931 1306 indulgentissimam
949 1225 1144 1287 clementiam
1165 1225 1349 1308 benignissi-

252 1355 320 1396 mae
351 1333 648 1415 humanissimaeque
674 1332 843 1394 voluntatis
872 1355 922 1396 me
948 1334 1113 1416 recipiam
1135 1335 1242 1417 ibique
1263 1335 1349 1418 asylo

252 1451 338 1504 tutus
367 1441 537 1506 certissimo
566 1463 651 1523 spem
673 1441 704 1501 in
726 1444 795 1502 sinu
822 1439 944 1504 dulcem
966 1443 1065 1520 alam,
1097 1443 1163 1504 lore
1197 1453 1233 1502 ut
1260 1441 1350 1504 venia

253 1548 420 1622 consoleris
443 1547 528 1631 quod
544 1550 738 1610 remunerari
759 1548 851 1611 laude
867 1549 969 1611 minus
989 1557 1097 1630 potes3
1116 1560 1148 1610 et
1171 1558 1256 1610 trans
1273 1548 1350 1612 vitia

253 1657 428 1720 ineruditae
445 1678 565 1730 manus,
588 1656 732 1719 benevoli
746 1659 883 1740 pectoris
904 1656 1008 1719 officio
1023 1657 1129 1740 agnito
1151 1678 1209 1719 nee
1230 1664 1349 1739 spreto,

254 1764 474 1848 quodcumque
497 1764 559 1826 boc
581 1771 627 1828 est
649 1765 789 1846 quamvis
813 1763 931 1845 illepidi
956 1764 1139 1844 munusculi,
1160 1785 1348 1828 monumen.

253 1880 320 1932 tum
342 1881 502 1934 aeternum
523 1893 586 1934 esse
608 1871 735 1954 patiaris
754 1872 816 1934 eius
840 1871 1056 1934 observantiae
1077 1893 1114 1934 ae
1136 1872 1348 1938 venerationis

193 1992 205 2006 ”
232 2001 320 2064 ·qua
340 1988 372 2042 te
393 2002 511 2047 summa
532 1980 751 2062 verissimaque
770 1979 992 2062 prosequitur,

441 2117 696 2160 renuentes·
727 2115 1008 2160 arueulwntut
1039 2115 1164 2172 TUAE,

376 2231 552 2294 Sardebam
575 2232 704 2294 Tolosae
724 2229 777 2290 lll.
797 2228 929 2291 Kalend.
945 2209 947 2219 ἱ

342 2348 494 2440 Quintiles
514 2369 594 2412 auno
617 2347 865 2415 ClOlOCXLlX.

664 2496 876 2560 Deditissimus
901 2495 1023 2557 Pennus
1056 2495 1206 2556 Possrnus

769 2635 786 2676 e
809 2613 966 2676 Societate
986 2614 1064 2674 lesu.

471 3349 475 3356 ,
584 3279 1097 3344 ιΕοτοΒι.γ

716 3452 752 3464 ..-
772 3453 905 3463 -.n—a...-

258 3571 340 3667 Nec
367 3603 462 3663 miror
489 3626 544 3668 nee
575 3607 715 3668 aemulor·
746 3620 861 3668 mature
890 3607 1021 3668 disertos
1041 3607 1112 3668 illos
1131 3605 1185 3690 qui
1205 3603 1298 3666 libros
1320 3603 1354 3664 iu

258 3710 403 3770 librarian
422 3711 583 3794 principiis
597 3714 742 3791 faciunt,
765 3726 795 3772 et
824 3713 1005 3774 inexhausta
1022 3711 1211 3794 loquacitate
1235 3712 1354 3772 Prooe-

259 3818 388 3877 mlorum
416 3817 519 3879 sedulo
540 3818 576 3882 la*
593 3833 692 3902 agraet,
715 3833 747 3892 ut
763 3821 843 3882 oculi
860 3821 968 3902 legenti
987 3819 1112 3882 doleant
1127 3823 1307 3903 priusquam
1329 3819 1356 3876 ts

254 3924 392 4006 primum
411 3920 519 4008 Operis
538 3946 658 3988 uersum
678 3927 802 3989 viderit.
844 3927 913 4008 Ego
933 3928 989 3988 u'bt
999 3971 1008 4001 ,
1032 3929 1217 4002 Lecton,
1237 3923 1356 4008 quomi-

258 4051 312 4091 nus
333 4033 437 4092 statim
446 4034 573 4112 fruaris
592 4035 708 4096 tamdiu
739 4048 840 4117 optato
861 4035 1055 4113 Byzantinus
1077 4035 1268 4096 caesarum
1289 4032 1356 4094 col-

258 4138 378 4223 loquio,
407 4161 529 4204 moram
569 4157 664 4204 mam
695 4142 803 4204 obiiclo
840 4117 927 4220 (nani
957 4141 1143 4206 Glossarium
1178 4140 1352 4215 Annaeum,
