3102 4902
373 321 537 382 ntttnts
566 317 806 384 flotscfltttt
834 319 1076 384 PRAEFATIO.
1174 324 1271 387 xlttt

177 503 294 586 partim
328 501 442 566 menda
465 503 586 566 librarii
619 503 772 581 tollendo,
808 504 925 586 partim
958 506 1081 568 lacunas
1108 505 1271 587 explendo,
1388 497 1402 516 ⁸

177 623 395 685 nonnusquam
428 605 523 666 etiam
543 605 630 666 ltotis
650 605 804 688 quaedam
823 605 1027 684 illustrando,
1047 615 1199 688 quantum
1219 608 1271 666 in-

175 703 260 786 genii
281 705 414 764 tenuitas
442 716 487 766 est
508 726 607 786 passa,
628 706 843 788 temporisque
871 706 1021 788 angustia,
1043 706 1172 788 siquod
1193 726 1272 788 ope·

180 825 235 866 rae
255 804 394 884 pretinm
415 803 546 866 candide
568 803 750 866 iudicaturis
771 804 905 868 videbor
924 807 1052 883 lenisse,
1073 806 1185 868 laboris
1205 827 1271 868 non

178 903 295 986 absque
317 905 420 985 magni
444 904 507 966 viri
527 906 698 968 autoritate
721 907 858 996 suseepti
877 905 978 968 minus
1001 927 1052 968 me
1069 906 1270 986 poenitebit;

177 1013 210 1064 et
241 1001 281 1062 ad
301 1004 378 1064 alios
401 1006 569 1087 scriptores
599 1005 650 1066 vel
674 1006 824 1088 integrius
854 1016 950 1089 atque
977 1006 1189 1082 emendatius,
1219 1005 1271 1068 vel

177 1105 272 1164 etiam
295 1123 394 1167 novos
414 1125 449 1166 ex
470 1105 579 1168 eadem
600 1117 703 1168 vestra
723 1107 820 1168 illust.
832 1107 913 1168 Bibl.
930 1105 1131 1188 publicandas
1150 1105 1269 1169 facilius

177 1201 347 1266 invitabor.
387 1205 471 1266 Dens
494 1207 571 1287 Opt
591 1207 635 1266 Μ.
654 1206 695 1266 A.
706 1205 746 1267 V.
765 1208 853 1268 cuius
870 1206 1009 1287 auspicio
1028 1215 1061 1267 et
1078 1205 1270 1268 liberatitate

177 1301 338 1362 laborssms
358 1302 392 1363 id
413 1324 508 1386 genus
527 1326 642 1366 vacare
664 1316 814 1386 possum,
840 1305 1007 1369 florentem
1028 1316 1124 1390 atque
1144 1305 1269 1368 ineolu-

176 1423 259 1462 mem
279 1423 374 1483 quam
398 1401 568 1467 diutissime
589 1415 767 1467 conservet.
808 1487 814 1496 ἱ

297 1519 452 1600 Augustae
472 1521 564 1582 Vind.
586 1521 690 1604 pridie
709 1522 788 1582 Non.

216 1615 392 1698 septembr.
416 1623 455 1686 A.
480 1622 511 1688 S.
534 1625 574 1686 Ν.
596 1625 728 1686 MDCX.

806 1725 842 1784 A.
884 1723 925 1788 V.
967 1725 1008 1789 0.

725 1841 858 1902 Divrn
881 1841 1177 1917 Honseueurns.
1201 1844 1236 1903 A.

587 2065 846 2080 m

465 2263 546 2326 An
590 2259 974 2324 LECTOREM.
1087 2353 1091 2364 .

188 2437 256 2530 Ex
276 2465 452 2552 quindecim
473 2465 584 2526 mame
606 2461 779 2523 comnenae
802 2461 1106 2547 Porpbymgennetae
1136 2457 1269 2520 Alema·

173 2567 222 2628 dis
240 2567 335 2643 libris,
355 2586 430 2648 quos
452 2565 610 2624 illmtrium
631 2561 894 2624 Bibliotbeearum
919 2561 1061 2642 catalogi
1079 2559 1192 2621 duabem
1215 2561 1268 2620 ia·

174 2681 269 2743 etant,
293 2679 359 2728 octo
379 2665 429 2726 bie
450 2640 556 2725 dabira
572 2677 718 2746 perpetuo
725 2665 802 2742 fere
823 2663 1002 2724 laeimatoss
1026 2676 1098 2748 quot
1117 2676 1147 2724 et
1164 2661 1269 2746 quales

174 2767 318 2826 nimirum
337 2788 379 2827 ex
403 2763 584 2846 Augustano
613 2766 801 2846 autographo
823 2776 1056 2846 repraesentare
1074 2763 1168 2824 licerit.
1208 2761 1268 2820 Sa-

173 2869 232 2925 tius
252 2869 333 2926 enim
361 2867 460 2926 visum
489 2885 552 2924 rem
576 2865 761 2924 litterariam
788 2864 872 2924 uobis
898 2865 976 2924 laune
1003 2864 1157 2924 semissem
1190 2881 1270 2921 nune

173 2965 296 3050 quidem
311 2965 437 3042 debere,
463 2983 560 3049 quam
588 2979 650 3026 toto
679 2977 833 3025 aeternum
855 2983 971 3026 carere.
1020 2963 1222 3044 Integriorum
1242 2973 1272 3021 et

175 3067 336 3126 meliorum
357 3065 583 3149 exemplarium
611 3066 748 3138 domini,
769 3067 882 3126 minam
905 3063 1061 3126 inutilium
1080 3084 1139 3124 nou
1146 3064 1270 3142 strunt,

174 3177 203 3224 et
221 3166 384 3225 liminibus
406 3168 514 3226 nostris
524 3167 750 3248 quamprimum
760 3165 925 3225 obstruant.
969 3162 1270 3242 Praestantissimum

173 3265 309 3324 Fubnme
337 3265 463 3346 Regium
495 3265 620 3326 Tolosae
650 3278 815 3326 senatorem
852 3265 1030 3326 nominatim
1057 3262 1269 3347 appellamus,

174 3365 261 3449 apud
278 3386 369 3448 quem
391 3366 500 3445 magni
523 3366 646 3426 Cuiacii
666 3367 801 3426 codicem
821 3377 948 3426 exstare
973 3366 1069 3426 aiunt.

258 3464 357 3525 Porro
379 3463 492 3525 Annae
497 3463 583 3550 fidei
604 3467 773 3548 periculum
802 3467 834 3526 in
854 3487 902 3531 me
920 3485 981 3526 non
1004 3463 1127 3548 recipio,
1148 3463 1274 3524 memini

173 3563 261 3646 apud
281 3563 445 3648 Vopiscum
466 3566 572 3647 legere,
594 3565 749 3627 neminem
762 3566 966 3648 scriptorum,
989 3574 1142 3648 quantum
1163 3562 1203 3624 nd
1221 3561 1272 3623 hi·

173 3663 305 3724 storiam
327 3668 474 3746 pertinet,
500 3688 564 3728 non
586 3667 706 3750 aliquid
731 3689 795 3728 esse
817 3671 996 3728 mentitum:
1020 3685 1088 3727 eum
1108 3665 1272 3727 mutemin-

173 3762 262 3826 nibus
285 3763 441 3826 incaluere
462 3767 576 3848 animi,
602 3763 727 3847 dffcile
747 3768 909 3828 ueritatem
931 3779 1011 3828 reeta
1037 3763 1125 3828 oculo
1145 3775 1273 3838 tuentur,

174 3875 204 3920 et
221 3863 281 3923 vix
301 3877 344 3926 est
366 3867 439 3946 quin
459 3866 583 3950 aliqnid
601 3868 729 3950 patriae
749 3881 779 3928 et
796 3867 987 3952 propinquis,
1017 3867 1097 3926 inter
1117 3884 1193 3946 quos
1205 3881 1272 3946 pa-

174 3975 220 4021 ter
235 3963 338 4045 primo
361 3965 439 4044 loeo,
460 3967 638 4045 eoncedent,
657 3968 685 4026 si
709 3968 890 4051 praesertim
897 3966 1062 4046 foeminae
1090 3983 1199 4024 manias
1219 3982 1272 4022 ea·
1338 3999 1351 4010 -

174 4061 291 4122 lamam
312 4065 414 4128 diunt.
457 4067 523 4128 Hie
543 4081 589 4128 est
595 4068 853 4145 firedissimorum
880 4067 1083 4129 conuitiorum
1090 4066 1182 4143 fiius,
1202 4063 1273 4143 quei-

175 4160 225 4222 bus
245 4163 341 4225 Anna
362 4167 512 4228 interdum
542 4169 726 4230 muliebriter
739 4172 771 4231 in
798 4170 934 4249 Latinos,
957 4163 1155 4251 Pontificem,
1175 4162 1273 4226 alios-
