3102 4902
282 319 336 382 XX
536 327 540 339 '
619 320 815 386 Lucovlcl
846 317 1042 388 SCllOPENl

284 460 496 565 priusquam
522 445 727 536 lloeselielii
752 461 877 535 editio·
891 455 931 536 in
955 464 1074 540 lucem
1099 461 1285 562 prodiret,
1310 457 1377 540 cle-

284 583 475 678 scripserat
496 582 613 658 virdo
637 584 696 658 his
720 587 847 660 litteris
861 589 1005 690 optime
1020 588 1182 682 meritus,
1207 564 1378 663 Martinus

285 703 441 801 Crustu,
468 708 532 806 qui
558 705 743 808 Tubingac
769 709 959 808 quondam
984 712 1242 810 philologicam
1268 714 1378 787 disei-

283 831 422 926 plinam
448 829 699 928 profitebatur.
753 832 861 938 Cuius
886 836 1108 933 marginibus
1131 837 1215 908 libri
1240 836 1378 910 adseri-

284 966 369 1050 plac
419 980 570 1052 quoque
614 971 717 1029 erant
761 947 924 1030 ciusdem
968 939 1199 1052 coniecturae
1238 962 1379 1058 aliquot

284 1090 475 1176 textusque
497 1079 781 1177 complementa:
808 1105 850 1152 ex
868 1083 1000 1179 quibus
1016 1099 1097 1180 ogo3
1122 1107 1216 1181 quae
1240 1086 1378 1182 proba-

283 1201 373 1273 bilia
400 1201 629 1298 ,videbautuu
655 1227 721 1276 suo
748 1207 832 1277 loco
857 1209 1153 1278 commemoravi.
1216 1275 1217 1278 ,

310 1379 313 1384 .
386 1325 555 1424 Denique
588 1329 732 1401 silentio
766 1327 1072 1426 praetereundum
1109 1355 1185 1402 non
1219 1345 1272 1404 est
1295 1332 1379 1404 Fra·
1411 1319 1450 1340 ”
1535 1345 1536 1348 ’

285 1464 473 1548 gmcntum
512 1449 690 1524 Alexiadis
732 1455 937 1549 parvulum,
977 1445 1087 1551 quod'
1128 1455 1379 1528 emendandae

287 1575 505 1646 praelationi
538 1569 702 1648 adhibui.
765 1575 877 1668 Quod
910 1580 1183 1675 Fragmentum,
1215 1582 1287 1653 iam
1314 1583 1379 1652 Fa·
1449 1643 1452 1650 .
1535 1573 1536 1642 ἶ

285 1698 403 1769 bricio
441 1697 532 1770 Bibl.
570 1699 696 1772 Gracc.
729 1701 806 1772 Vol.
827 1701 897 1774 Vll.
931 1727 968 1798 p.
992 1707 1077 1776 727.
1111 1728 1379 1776 commemora-

284 1834 385 1916 tum,
422 1835 534 1912 exstat
563 1824 602 1896 in
634 1823 882 1904 Bibliothecae
904 1827 1086 1898 Parisinae
1118 1815 1249 1898 codice
1270 1829 1380 1898 bom-

285 1948 434 2043 bycino,
457 1947 545 2020 olim
565 1945 787 2022 Colbertino.
811 1949 958 2022 Initium
981 1963 1122 2023 tantum
1146 1951 1382 2024 Praefationis

287 2073 451 2144 eontinet
484 2097 604 2171 usque·
634 2071 683 2146 ad
712 2075 823 2146 verbe
849 2068 924 2142 ὅσα
952 2077 973 2155 ἡ
999 2065 1136 2170 miore,
1169 2099 1263 2172 quae
1293 2100 1330 2172 p.
1343 2073 1381 2168 ll,

263 2189 348 2302 ¹ill.
372 2195 428 2268 ed.
460 2210 572 2269 nostr.
604 2197 789 2296 leguntur·
840 2197 941 2270 Hane
974 2197 1207 2272 collationem
1244 2221 1264 2270 a
1297 2197 1381 2272 Nie-

286 2317 439 2413 buhrio‚
471 2321 549 2392 viro
582 2318 909 2415 desideratissimo,
935 2322 1069 2418 accepi.

387 2422 588 2517 Recensitis
610 2441 800 2515 codicibus
825 2443 886 2536 iis,
910 2444 1044 2540 quibus
1068 2446 1121 2516 uti
1148 2446 1241 2518 mihi
1264 2447 1382 2518 conti·

285 2565 360 2664 git,
395 2591 472 2638 non
497 2567 655 2648 alienum
682 2565 849 2658 videtur,
876 2566 984 2636 etiam
1011 2566 1193 2662 reliquos,
1219 2591 1380 2664 quorum

288 2688 515 2762 mentionem
553 2690 592 2774 in
629 2689 770 2786 scriptis
796 2686 1022 2760 eruditorum
1057 2690 1202 2784 inveni,
1226 2691 1384 2763 breviter

288 2811 351 2886 hic
373 2836 673 2886 commemorare.
725 2814 778 2884 De
800 2810 928 2885 codice
950 2812 1151 2908 Tolosano,
1177 2837 1285 2911 supra
1309 2816 1383 2888 iam

290 2938 438 3030 monui,
477 2961 561 3009 eum
603 2961 644 3008 ex
686 2937 799 3008 oculis
838 2959 980 3034 usuque
1012 2936 1207 3009 hominum
1241 2937 1383 3010 dudum

291 3062 489 3133 evanuisse.
541 3062 609 3132 lac.
638 3060 802 3132 Cuiacius
825 3059 918 3131 duos
940 3057 1103 3154 tantum,
1129 3061 1233 3157 quod
1258 3063 1383 3156 sciam,

290 3185 392 3256 locos
414 3183 501 3256 inde
526 3183 691 3282 protulit,
709 3184 756 3256 ad
781 3185 930 3257 lnslitut„
956 3184 1045 3254 lli.
1071 3191 1101 3266 §.
1117 3181 1198 3279 24„
1223 3209 1384 3282 quorum

291 3333 385 3381 unus
416 3323 470 3381 est
502 3309 587 3382 libri
611 3309 635 3380 l.
664 3314 697 3379 7.
725 3333 760 3406 p.
775 3306 837 3402 40,
865 3309 1058 3401 u-m,
1089 3309 1178 3380 alter
1201 3310 1285 3380 libri
1297 3309 1382 3380 XlV.

291 3457 329 3529 p.
342 3430 428 3504 422.
444 3436 482 3505 Β.
518 3431 767 3514 σκολιώτατος
796 3469 846 3490 -.-
875 3434 1099 3523 ποιούμενος.
1160 3433 1201 3504 ln
1225 3444 1384 3529 utroque

292 3558 375 3628 loco
409 3559 507 3630 nulla
539 3560 736 3655 scripturae
766 3557 952 3630 diversitas
980 3527 1093 3649 inest,
1125 3557 1194 3630 nisi
1222 3555 1325 3654 quod
1347 3559 1386 3629 in

289 3681 416 3776 ¹priore
456 3706 541 3777 pro'
563 3671 832 3752 κάταλείπουσι
877 3681 1008 3778 legitur
1046 3680 1384 3772 καταλιμπάνουσι.

294 3803 419 3901 ancre
444 3805 552 3876 lectio
576 3806 663 3878 huic
688 3805 807 3878 codici
832 3807 982 3902 propria
1007 3817 1082 3876 cst:
1107 3801 1206 3875 unde
1230 3804 1290 3875 vix
1314 3804 1385 3876 du-

239 3951 241 3964 ·
285 3914 597 4024 'biumearbitrom
622 3924 713 4026 quin
735 3956 756 4002 a
780 3929 901 4024 libris,
941 3953 1035 4026 quos
1059 3928 1239 4020 novimus,
1264 3929 1385 3998 omni-

293 4053 363 4126 bus
383 4054 583 4126 Tolosanus
606 4053 714 4126 luerit
739 4055 908 4128 diversus.
945 4055 1063 4151 Atque
1089 4051 1128 4122 id
1154 4051 1287 4123 certius
1312 4045 1385 4123 sor-

293 4189 386 4249 tasse
411 4191 611 4275 constaret,
642 4181 672 4272 si
695 4177 856 4252 eiusdem
875 4177 1021 4282 ¹codicis
1044 4177 1166 4250 locum
1193 4175 1302 4249 alium
1326 4175 1384 4250 in-
