3102 4902
173 4247 193 4296 t.

268 276 396 359 'xxxiv
674 295 789 356 raras
821 293 977 358 rossuu

274 503 407 564 quarum
428 481 611 543 sententiam
640 480 693 542 ubi
726 481 822 541 verbo
846 490 898 542 aut
925 491 1003 540 nutu
1020 479 1213 558 indicarunt,
1236 483 1368 543 istorum

272 589 334 650 iam
357 590 516 673 negotium
538 598 599 666 est,
621 611 683 672 pro
705 611 759 650 sua
787 590 937 672 cuiusque
961 589 1118 667 facultate,
1136 566 1275 673 mentem
1296 582 1368 651 suls.

272 699 424 780 scripturi
451 691 563 759 deinde
589 690 765 778 Principis,
794 717 829 758 ex
860 698 924 758 eius
945 696 1094 780 dignitate
1125 699 1233 780 reique
1254 702 1368 760 merito

273 830 367 890 quam
400 808 554 887 aptissime
589 825 745 888 quamque
781 806 977 866 disertissime
1001 805 1160 867 disserere.
1201 805 1367 867 Postremo

273 917 449 976 conandum
472 924 507 974 nt
525 915 640 976 Graeci
666 935 759 997 quem
782 915 1018 997 exprimendum
1039 935 1232 996 susceperam
1255 914 1367 975 arche-

273 1025 342 1107 typi
362 1045 424 1084 non
445 1024 687 1105 superficiariam
717 1023 815 1083 solum
842 1022 974 1083 formam
1004 1033 1057 1084 aut
1077 1025 1189 1084 extima
1209 1024 1368 1085 dumtaxat

272 1130 459 1194 lineamenta
488 1132 609 1214 (qualia
632 1133 804 1200 virentium
839 1131 870 1190 iu
897 1140 1022 1192 mortuo
1055 1140 1173 1192 restant
1204 1123 1367 1208 cadavere)

271 1242 351 1324 stylo
375 1249 545 1324 atcumque
580 1241 755 1300 assimulata
789 1237 969 1323 redderem:
1000 1260 1110 1300 verum
1131 1239 1219 1299 illum
1242 1241 1369 1320 insuper
1452 1287 1457 1299 .

271 1349 427 1431 vigentem
456 1367 493 1408 ac
525 1354 718 1430 vegetantem
745 1348 844 1424 intus,
873 1345 1065 1430 subindeque
1094 1348 1170 1408 vivis
1192 1369 1227 1408 ax
1250 1367 1366 1408 arcano

272 1456 515 1518 evibrationibus
537 1456 704 1518 micantem
725 1459 853 1518 Latinae
882 1477 1010 1540 quoque
1039 1456 1223 1538 expositioni
1246 1459 1367 1538 penitus

271 1566 412 1628 inderem
434 1575 529 1650 atque
558 1565 745 1644 inhalarem,
767 1565 793 1627 si
812 1585 941 1648 possem,
965 1565 1130 1647 spiritum,
1148 1562 1235 1626 velut
1254 1565 1366 1648 ignem,

271 1673 381 1750 aiunt,
418 1675 563 1736 aetherea
597 1672 784 1736 subductum
816 1675 911 1736 domo
941 1675 1026 1735 luteo
1048 1674 1255 1738 Prometheus
1277 1673 1367 1755 operi

269 1783 401 1860 miscuit,
421 1783 499 1843 nibil
522 1781 641 1865 alioqui
663 1803 757 1864 sopra
779 1803 907 1844 massam
933 1782 1024 1844 vilem
1043 1782 1209 1844 madefacti
1229 1781 1367 1864 pulveris

268 1891 388 1952 futuro.
433 1889 487 1952 His
508 1911 565 1974 ego
590 1899 640 1951 tot
660 1893 867 1972 cautionibus,
893 1900 943 1952 tot
966 1871 1308 1974 circunspectionibus,
1330 1910 1366 1953 ac

206 2037 208 2043 ,
269 1998 524 2061 destinationibus
543 2010 607 2060 tam
629 2000 721 2060 variis
737 2001 977 2081 praemunitam,
1001 1999 1064 2062 imo
1086 1999 1182 2061 defrxe
1202 2001 1365 2076 intentam,

269 2118 364 2190 atque
385 2109 475 2169 anxie
502 2107 666 2169 sollicitam
690 2119 826 2170 mentem
846 2107 941 2170 habui
973 2120 1043 2170 tota
1066 2109 1098 2170 in
1122 2109 1284 2170 functione
1309 2107 1366 2169 de-

267 2217 407 2278 mandati
435 2217 523 2277 huius
554 2239 572 2276 a
602 2224 633 2278 te
658 2217 732 2277 mihi
764 2217 900 2278 muueris
931 2217 1195 2297 luculentissimae¹
1219 2215 1366 2278 historiae

266 2325 382 2386 Latinis
410 2325 548 2391 edendae
571 2325 692 2387 litteris.
743 2327 942 2408 Quamquam
959 2315 1057 2388 vmeae
1076 2347 1125 2387 me
1146 2325 1365 2387 imbecillitatis

267 2432 455 2494 conscientia
477 2432 606 2493 nimium
627 2432 740 2493 timere
762 2434 856 2514 cogit,
877 2453 940 2492 non
964 2432 1058 2493 modo
1084 2455 1122 2494 ne
1144 2431 1230 2515 quod
1252 2453 1363 2516 seque-

264 2541 325 2602 bar
343 2563 406 2603 non
427 2551 609 2624 assequutus
628 2543 703 2616 sim,
724 2561 834 2600 veram
857 2541 950 2600 etiam
973 2561 1011 2600 ne
1033 2541 1063 2599 in
1084 2540 1154 2600 alias
1175 2540 1364 2622 diversi'ge-
1417 2575 1421 2590 ι

265 2648 347 2710 neris
380 2647 635 2729 reprehensiones
667 2647 865 2708 incurrerim.
921 2647 993 2708 Scio
1016 2647 1164 2707 nimirum
1184 2648 1266 2724 scio,
1286 2647 1364 2709 haec

265 2756 304 2818 de
327 2751 796 2839 quadixi,quamprof1tcor,
825 2755 924 2817 libere
947 2755 1110 2839 politeque
1133 2753 1363 2837 interpretandi

262 2882 345 2926 secta
366 2871 398 2924 et
417 2864 509 2940 ratio,
534 2863 586 2928 cni
607 2873 805 2946 quantaeque
825 2863 988 2945 offensioni
1010 2864 1144 2946 exposita
1168 2865 1208 2922 sit
1226 2863 1364 2924 tristium

265 2992 477 3037 censurarum.
521 2971 600 3034 Sunt
618 2971 671 3054 qui
695 2992 783 3033 neres
805 2980 985 3054 corrugent,
1008 2961 1071 3054 qui
1086 2972 1287 3054 superciliose
1310 2989 1363 3032 re·
1391 3037 1395 3042 ,

264 3088 362 3140 auant
383 3079 506 3162 quoties
529 3081 667 3142 excurrit
689 3081 799 3142 Latina
820 3082 924 3142 oratio
945 3103 1041 3164 supra
1063 3083 1197 3142 Graecae
1217 3079 1363 3153 modam,

264 3191 386 3272 quoties
407 3189 538 3250 vicissim
566 3189 714 3250 fluentem
745 3191 830 3252 velut
851 3190 953 3251 sinum
975 3190 1100 3252 Asiatici
1122 3190 1273 3274 Syrmatis
1295 3191 1364 3251 Ro-

261 3319 372 3360 manae
401 3299 573 3361 munditiae
601 3299 750 3360 breviore
779 3300 970 3360 succinctum
1006 3297 1087 3359 nodo
1111 3308 1239 3382 cogunt.
1286 3297 1363 3372 Quis

263 3425 368 3469 omnes
392 3419 554 3470 enumeret
576 3407 699 3469 delicias
721 3406 930 3480 fastidiorum,
955 3428 1089 3490 quarum
1113 3408 1142 3466 in
1159 3427 1284 3468 censum
1307 3425 1362 3466 ve-

262 3515 354 3575 niunt
376 3517 571 3577 oscitationes
590 3517 670 3577 male
698 3515 883 3599 feriatormn
904 3515 1014 3598 supina
1038 3515 1199 3576 interdum
1219 3523 1250 3576 et
1269 3513 1363 3575 semi-

262 3624 362 3686 somni
392 3623 524 3686 lectione
553 3624 630 3686 nihil
658 3625 714 3685 nisi
744 3649 829 3687 ansas
861 3624 1025 3686 vellicandi
1058 3626 1261 3706 captantium.
1314 3621 1362 3681 laia

260 3734 422 3808 enimnem,
447 3733 548 3813 aiunt,
574 3733 688 3794 Graiae
709 3753 834 3794 acumen
853 3721 993 3814 argutiae
1007 3734 1150 3816 pinguem
1170 3735 1362 3812 interpretem

260 3839 344 3900 baud
358 3843 523 3928 pupugin
554 3840 635 3901 Alias
665 3843 869 3902 subsannant:
903 3841 957 3900 dai
981 3862 1076 3924 quam
1103 3839 1246 3922 patariam
1274 3838 1362 3896 circa

257 3947 363 4010 orbem
377 3951 480 4008 errat!
501 3955 546 4008 est
561 3949 615 4013 ubi
625 3951 815 4034 flagitium!
835 3951 1009 4030 increpent,
1030 3948 1115 4033 qaod
1133 3943 1250 4005 iudicio
1273 3941 1360 4023 ipso.

260 4076 331 4115 rum
352 4057 577 4136 strangulentur
595 4060 708 4119 autoris
729 4077 836 4134 sensa,
864 4055 947 4138 qaod
968 4069 1114 4124 orarentur
1133 4069 1228 4114 aurea
1251 4051 1359 4132 plam-

260 4163 331 4225 beis.
351 4163 433 4248 quad
442 4164 536 4226 stricti
549 4165 629 4226 sales
644 4149 863 4250 intemperanti
873 4165 1003 4227 Latinae
1022 4164 1128 4250 copiae
1152 4159 1358 4245 superfusione
