3102 4902
266 295 360 357 XLVI
597 293 764 356 navtnts
793 289 1035 358 llOFSCllELll

267 467 339 508 rum
361 445 497 525 malitia,
528 455 560 508 et
581 467 715 530 nequam
744 445 870 507 illorum
893 446 1049 530 Principis
1073 446 1154 509 lraus
1173 458 1208 510 ct
1231 450 1366 512 circum.

267 548 373 608 ventio
394 547 556 630 pertinax,
576 547 707 608 maxime
740 568 810 608 cum
841 569 915 630 erga
946 569 997 609 eos
1018 558 1105 608 tanta
1128 548 1314 613 liberalitate
1335 562 1367 615 ct

267 645 411 727 simulata
440 645 545 731 gratia‘
562 645 763 708 redundaret.
815 647 887 712 Cur.
904 669 950 710 xx.
972 650 1086 734 Sicquc
1107 648 1250 730 quotidie
1272 653 1366 734 magis

268 757 299 809 et
322 749 417 832 magis
439 750 636 810 Graecorum
658 745 758 838 dolus,
777 755 810 808 ct
830 747 915 808 fraus
931 749 1134 830 Imperatoris
1155 749 1288 829 (Alexin
1313 753 1367 814 dc-

269 849 452 932 tegebatur,
483 847 527 908 ita
558 847 676 907 utiam
704 868 796 908 nemo
828 855 906 908 esset
935 847 973 909 de
996 849 1196 931 Principibus
1229 851 1279 910 cui
1302 874 1365 912 non

269 959 346 1010 esset
367 947 574 1025 manifestum,
595 955 626 1008 et
642 947 712 1008 luce
725 945 896 1008 meridiana
912 948 1034 1025 clarius,
1051 957 1168 1032 quanto
1191 950 1265 1011 odio
1285 973 1365 1035 pro.

267 1047 457 1130 sequebatur
476 1048 630 1131 populum
651 1056 803 1123 nostrum,
827 1056 859 1107 et
881 1068 974 1109 omne
997 1069 1091 1130 genus
1106 1049 1290 1111 Latinorum
1310 1052 1367 1111 ba-

266 1147 357 1208 beret
380 1146 521 1208 invisum.
564 1147 636 1208 Car.
651 1167 709 1206 xxx.
741 1145 906 1230 Quidquid
929 1155 1033 1208 autem
1064 1148 1255 1231 loquebatur
1276 1153 1365 1227 (Ale-

265 1247 347 1324 xiia)
369 1246 457 1308 dolus
480 1256 548 1308 erat
570 1257 602 1315 et
623 1245 862 1307 circumventio.
903 1246 967 1307 Lu.
980 1265 1039 1308 vn.
1065 1248 1138 1309 Car.
1155 1267 1205 1310 xx.
1227 1249 1366 1312 Fraudes

267 1347 350 1407 enim
373 1349 572 1429 imperatoris
601 1347 731 1427 (Alexii)
746 1354 795 1407 *et
816 1345 879 1407 eins
899 1347 1047 1424 versutia,
1071 1367 1147 1430 quas
1169 1348 1291 1431 saepius
1313 1355 1366 1410 exss

266 1447 349 1529 perti
370 1447 517 1524 fuerunt,
550 1445 707 1508 declinare
730 1444 914 1508 iudicabant
944 1448 1151 1524 commodius,
1173 1469 1212 1510 ne
1234 1449 1297 1510 eius
1319 1451 1366 1510 la.

266 1547 425 1630 byrinthis
447 1555 479 1608 et
499 1547 679 1629 ambagibus
701 1545 817 1608 iterum
846 1567 878 1607 se
901 1546 1109 1626 involverent,
1128 1569 1146 1610 a
1169 1549 1280 1630 quibus
1302 1571 1365 1612 non

266 1647 337 1708 satis
360 1646 450 1708 facile
470 1647 671 1729 postmodum
691 1640 816 1728 possent
837 1645 984 1728 expediri.
1037 1649 1103 1709 Lm.
1119 1669 1146 1709 x.
1169 1649 1303 1710 Cannu.
1326 1653 1366 1714 At

265 1769 343 1809 vero
364 1747 448 1808 idern
463 1748 616 1824 (Alexim)
633 1749 819 1829 ltnperator,
842 1755 964 1808 vetusto
980 1749 1177 1808 Graecorum
1196 1769 1287 1810 more
1304 1773 1365 1812 no.

264 1855 403 1909 stro'rnm
431 1847 617 1908 successibus
640 1844 795 1923 invidens,
818 1846 958 1929 quamvis
990 1868 1060 1925 eos,
1081 1858 1118 1909 ut
1147 1847 1366 1930 praediximus,

267 1947 352 2031 apud
373 1969 404 2010 se
427 1947 498 2010 satis
518 1946 653 2030 benigne
682 1945 858 2026 habuisset,
883 1947 1005 2010 occulte
1027 1947 1099 2010 inde
1121 1969 1180 2030 per
1198 1949 1365 2012 internun.

245 2045 330 2112 'cios
354 2049 531 2133 frequentes
552 2049 586 2110 in
605 2067 718 2110 eorum
749 2047 921 2130 perniciem
941 2047 1042 2110 hostes
1064 2049 1252 2128 solicitabat,
1274 2058 1306 2112 ct
1325 2052 1364 2114 ab

268 2169 379 2209 eorum
415 2149 553 2211 adventu
585 2148 706 2209 crebris
739 2146 874 2230 epistolis
904 2157 936 2209 et
967 2148 1156 2209 nunciorum
1176 2147 1363 2212 discursibus

265 2249 418 2311 reddebat
438 2248 664 2330 instructiores,
686 2267 740 2310 eos
762 2267 979 2329 praemonens,
1004 2269 1043 2310 ne
1064 2255 1187 2308 tautum
1205 2235 1363 2331 ⁴populum

264 2364 321 2411 suo
347 2342 491 2432 'periculo
523 2348 622 2411 libere
655 2347 790 2409 transire
820 2279 998 2428 patianturl
1045 2347 1156 2410 Vicem
1186 2349 1363 2431 scorpionis

265 2470 376 2534 agens,
398 2449 452 2532 qui
472 2467 545 2510 cum
566 2469 630 2510 non
661 2445 701 2507 sit
725 2443 757 2508 in
777 2447 856 2508 facie
882 2445 969 2529 qnod
989 2447 1157 2525 formides,
1187 2449 1364 2530 prudenter

263 2549 373 2611 leceris
403 2550 428 2610 si
458 2549 577 2610 caudae
604 2547 786 2640 posterioris
823 2546 989 2611 declinare¹
1010 2547 1131 2628 poteris
1164 2551 1360 2612 maleficium.

262 2651 330 2712 an.
344 2669 401 2710 xxx.
423 2649 498 2716 Cir.
514 2669 546 2710 v.
565 2648 628 2710 Per
648 2646 732 2710 idem
755 2655 877 2729 tempus
897 2649 985 2728 (anno
1010 2646 1115 2725 1118.)
1138 2648 1362 2713 Constantino.

263 2749 418 2832 politanus
440 2750 616 2831 Imperator
638 2748 768 2827 Alexius,
789 2746 975 2810 Latinorum
995 2748 1144 2811 maximus
1166 2760 1375 2834 perseeutor,¹

263 2851 357 2912 rebus
376 2850 518 2912 humanis
538 2860 696 2933 exemptus
714 2858 771 2912 est.

347 2951 567 3012 Rosrnrus
590 2969 808 3012 nonacuus
830 2947 1234 3014 nacnursrxanouuu
1255 2973 1361 3014 ruru-

263 3070 398 3111 crruu
420 3070 705 3113 raorrcrrona
728 3071 765 3112 rr
787 3049 944 3112 Srursrr
965 3051 1083 3114 [null.
1127 3053 1359 3114 Subdolusita.

263 3171 325 3234 que
351 3151 528 3232 Imperator
558 3151 715 3230 (Alexim)
742 3149 848 3211 videns
881 3169 1024 3213 crescere
1050 3161 1151 3216 castra
1170 3154 1240 3230 Dei,
1266 3164 1297 3216 et
1321 3153 1360 3216 tle

263 3251 314 3312 die
335 3252 367 3311 in
390 3252 473 3314 diem
503 3250 706 3334 augmentari,
727 3250 817 3332 inops
837 3250 953 3328 animi,
979 3273 1085 3336 expers
1106 3273 1219 3332 sensus,
1240 3275 1360 3337 pauper

262 3351 400 3430 c'onsilii,
432 3353 478 3413 ira
510 3351 684 3413 vehementi
715 3350 821 3431 coepit
846 3351 973 3412 anxiari.
1028 3353 1115 3414 Mens
1143 3354 1226 3415 enim
1248 3355 1359 3418 fraude

225 3475 228 3484 ·
262 3453 355 3536 plena
375 3473 499 3535 semper
530 3453 673 3514 anxiatur
706 3461 738 3513 et
767 3460 812 3514 est
832 3451 963 3529 solicita,
993 3461 1025 3515 et
1048 3453 1133 3536 quod
1160 3455 1359 3516 machinatur

262 3552 353 3613 alteri
377 3553 567 3634 pertimescit
588 3551 646 3614 sibi
668 3571 790 3633 semper
810 3551 992 3632 machinari.
1035 3555 1069 3615 ln
1092 3563 1195 3615 mente
1217 3557 1360 3635 Impera.

261 3653 340 3714 toris
371 3673 493 3734 semper
528 3652 642 3714 mansit
673 3652 871 3714 fraudulenta
903 3653 999 3714 fictio.
1055 3654 1218 3738 Quidquid
1242 3653 1360 3716 iuravit

260 3761 364 3814 totum
380 3753 559 3827 exinanivit,
575 3753 648 3836 quia
668 3753 800 3836 periurii
816 3774 927 3814 noxam
940 3755 1107 3816 incurrere
1121 3755 1242 3833 maluit,
1264 3776 1359 3838 quam

260 3861 383 3936 gentem
405 3853 602 3915 Francorum
625 3875 643 3914 a
667 3855 726 3914 suis
750 3853 863 3914 finibus
886 3873 948 3914 non
973 3853 1126 3937 elongari.

343 3952 564 4014 Consanus
599 3975 720 4015 aeras
754 3953 1060 4017 Uusraucausrs
1086 3973 1225 4018 canon.
1251 3977 1358 4017 anno

190 4127 194 4133 .
261 4073 341 4117 ncx.
384 4053 465 4115 Ecce
493 4036 595 4115 subito
627 4073 769 4115 murmur
798 4054 957 4134 exoritur,
979 4055 1358 4137 invisum'lxnperatorem

260 4153 432 4234 (Alexium)
462 4155 642 4216 Tuscorum
672 4156 776 4238 potius
806 4175 900 4239 quam
932 4154 1184 4217 Christianorum
1205 4156 1289 4238 parti
1310 4155 1359 4215 fa·
