3102 4902
522 339 735 405 tmurlurs
764 343 840 403 urs.
876 345 903 403 ι.
933 336 962 398 ο.
1224 313 1280 400 33

186 495 319 556 ε’θεοῖντο
341 487 472 566 τούτους
499 485 605 574 όόσπερ
637 489 699 554 α’πό
722 513 805 566 τινος
827 492 966 566 σκοπιάς.
1010 477 1075 574 εἶχε
1097 492 1132 556 δὲ
1157 481 1220 556 ὦδε
1240 490 1280 554 τοὶ

185 595 250 656 κατ’
274 584 399 663 αύτούς.
449 595 676 674 συγκεχυμένοι
705 615 740 654 τε
760 593 822 674 γάρ
854 585 935 673 ἦσαν
958 592 1056 674 μηπω
1075 589 1282 667 συντάξαντες

184 687 338 770 ἑαυτούς,
365 692 422 754 καί
452 687 496 764 ὥς
531 689 590 773 την
608 697 696 777 νίκην
730 683 790 776 ἤδη
819 691 973 775 ἀρόμενον
1004 691 1283 778 καταφρονητικῶς

185 786 271 872 εἶχον
293 790 350 852 καί
370 787 431 867 ἔξω
451 789 603 878 κινδύνων
625 787 759 866 ἑαυτούς
781 784 895 877 ᾤοντο·
937 789 1079 870 μάλιστα
1102 793 1137 856 δὲ
1163 793 1282 854 άναπε-

157 889 382 975 5πτοόκεισαν,
403 893 464 954 τεόν
486 895 530 975 τῷ
552 893 617 980 ἐμῷ
638 889 738 977 πατρὶ
766 894 984 970 ξυνεπομένων
1007 887 1164 976 Φράγγων
1183 914 1282 973 προσ·

185 989 411 1072 κεχωρηκότων
438 992 484 1075 τῷ
513 995 676 1078 Βρυεννίῳ
707 989 759 1054 διό
782 987 839 1072 την
860 993 1128 1074 προγεγενημένην
1148 986 1279 1071 τροπήν.

185 1093 241 1150 καί
258 1087 318 1170 γὰρ
353 1091 415 1152 τεόν
444 1091 548 1154 ἵππων
570 1089 812 1175 ἀποβεβηκότων
840 1094 904 1154 τῶν
926 1087 1081 1172 Φρόγγων
1102 1087 1157 1151 καί
1174 1087 1309 1165 δἐξτάςς

175 1190 338 1268 Ιδιδόντων
362 1187 458 1274 αὐτῷ,
479 1185 624 1270 καθάπερ
640 1189 828 1275 δηττότριόν
850 1194 917 1254 ἐστι
935 1188 1058 1252 διδόναι
1074 1186 1131 1262 τάς
1154 1188 1280 1270 πίστεις,

185 1283 280 1362 άλλος
301 1287 479 1370 ἀλλαχόθεν
497 1287 578 1371 πρός
605 1287 731 1364 τούτους
752 1291 938 1373 ξυνέρρεον,
960 1288 1153 1368 θεασόμενοι
1173 1287 1209 1350 τὸ
1231 1311 1282 1369 γι-

140 1386 321 1467 ισνόμενσν.
344 1387 525 1468 διεσάλπιζε
545 1388 604 1472 γάρ
628 1386 752 1475 ἦφὴμη
771 1388 804 1452 τό
820 1391 1015 1474 στράτευμα,
1037 1389 1082 1465 ὥς
1094 1380 1159 1471 άρα
1182 1391 1237 1452 καί
1251 1385 1282 1452 οἱ

186 1485 329 1570 (Βρόγγον
351 1487 473 1563 τούτοις
494 1492 703 1574 προσέθεντο,
737 1486 792 1552 τόν
822 1491 1077 1573 α’ρχιστρότηγσν
1098 1494 1282 1552 καταλελοι-

186 1589 280 1662 πότες
303 1589 447 1666 Ἀλέξων.
469 1587 573 1652 ,oriam
596 1591 679 1672 δῆτα
700 1595 940 1673 συγκεχυμένως
955 1588 1084 1670 ἔχοντας
1099 1585 1231 1664 τούτους
1253 1589 1284 1654 οῖ

186 1684 275 1772 σῖμφί
303 1685 355 1752 τόν
381 1685 459 1768 έμόν
481 1693 600 1771 πατέρα
629 1691 685 1752 καί
704 1686 778 1763 τούς
800 1688 954 1773 νεήλυδας
980 1685 1140 1773 Τούρκσυς
1160 1690 1284 1754 isauri.

185 1810 290 1871 μενοι,
315 1790 362 1862 εἰς
390 1797 474 1871 τρεῖς
504 1791 617 1872 μοίρας
652 1785 789 1863 ἑαυτούς
816 1789 1033 1873 διενείμαντο,
1063 1792 1119 1852 καί
1148 1789 1204 1865 τάς
1223 1792 1284 1869 μὲν

138 1885 245 1954 ιόδύυ
266 1890 406 1969 έλλοχεῑν
430 1887 529 1954 αότοό
549 1913 609 1952 που
625 1891 793 1972 διέταττεν,
814 1889 871 1971 τὴν
894 1890 930 1950 δὲ
950 1893 1056 1972 τρίτην
1078 1886 1194 1970 μερίδα
1215 1913 1284 1968 χω.

184 1997 252 2070 ρεῖν
273 1990 327 2052 έπί
345 2012 418 2062 τους
438 1993 607 2070 πολεμίους
636 1991 790 2054 ἐκέλευον.
817 1990 873 2050 καί
890 1987 925 2052 τό
951 1987 1078 2067 ξύμπαν
1098 1990 1151 2070 τῆς
1172 1987 1284 2050 rorari-

183 2113 238 2172 της
273 2091 426 2170 διαταγῆς
458 2091 490 2162 ἐς
509 2087 562 2153 τὸν
591 2087 670 2170 ἐμόν
709 2093 833 2171 πατέρα
861 2090 998 2163 Ἀλέξων
1026 2089 1210 2170 α’νεφέρειο.
1253 2085 1313 2155 oiC

183 2191 290 2267 μέντοι
322 2191 457 2272 Τοόρκοι
494 2190 533 2252 ού
561 2186 639 2253 κατά
677 2189 827 2272 φάλαγγα
857 2189 1112 2268 συντεταγμένως
1144 2185 1281 2273 ἐπῄεσαν

184 2282 253 2364 ἅμα
278 2284 410 2372 πάντες,
445 2287 526 2356 datu
558 2291 796 2371 μεμερισμένως
825 2285 905 2352 κατά
933 2309 1022 2360 τινας
1044 2285 1200 2370 ὁμίλους,
1229 2288 1283 2350 u'a’

133 2381 330 2468 αοάλληλων
349 2385 554 2472 ξδιεστηκότες
583 2383 782 2469 ἑκασταχοῦ·
832 2380 899 2450 εἶτα
919 2383 1129 2472 προσβάλλειν
1149 2382 1283 2470 ἑκάστην

184 2485 265 2570 ἴλην,
285 2485 360 2560 τούς
382 2488 496 2562 ἵππους
516 2490 571 2552 έπί
597 2485 728 2562 τούτους
750 2486 957 2572 ἐλαύνοντας,
977 2491 1033 2552 καί
1054 2495 1182 2560 πυκνοῖς
1203 2490 1282 2550 α’πσ-

183 2581 327 2668 χρῆσθαι
355 2585 549 2668 τοξεύμασιν.
604 2593 767 2653 συνείπετο
787 2591 823 2652 δὲ
850 2587 973 2664 τούτοις
1000 2590 1054 2652 κατ’
1082 2582 1098 2650 ό
1129 2585 1187 2670 τὴν
1208 2581 1283 2668 ὅλην

184 2690 376 2771 στρατηγίαν
400 2685 638 2772 ἀναδησάμενος
651 2687 727 2770 ἐμός
749 2687 854 2775 πατὴρ
874 2689 1024 2772 Ἀλέξιος,
1047 2691 1198 2766 συλλέξας
1219 2684 1281 2752 α’πό

260 2871 299 2920 19.
318 2843 532 2929 μεμερισμένας
558 2859 605 2910 καλ
637 2856 685 2912 ἀπ’
704 2857 828 2924 α’λλὴλων
845 2859 915 2911 κατά
934 2855 1013 2918 τινας
1039 2857 1152 2930 ὁμίλους
1172 2857 1281 2924 διεστη·

256 2925 332 2986 κόιες
349 2929 405 2978 AG.
497 2943 539 2978 ar.
559 2928 720 2990 ἐλαύνοντες
740 2933 769 2981 ll.
859 2931 902 2981 23.
922 2929 1131 3001 ἀναδεξόμενος
1147 2929 1181 2993 A.

186 3082 265 3132 velut
285 3099 300 3132 o
318 3084 428 3152 specula
452 3083 573 3152 hostium
600 3086 746 3137 exercitum
765 3085 928 3137 monstravit.
973 3085 1047 3136 ethi
1067 3083 1178 3153 quidem
1198 3083 1281 3134 itase

186 3152 334 3204 habebant.
372 3163 473 3206 temere
501 3164 578 3207 erant
606 3158 742 3226 permixti,
769 3155 911 3208 ordinibus
935 3156 1056 3207 nondum
1081 3155 1230 3216 restitutis,
1252 3163 1281 3206 et

186 3233 315 3291 tanquam
345 3225 458 3278 victoria
487 3228 539 3278 iam
569 3228 665 3295 potiti,
689 3229 717 3278 in
743 3245 845 3280 summa
873 3228 1017 3278 securitate
1043 3225 1179 3294 degebant
1197 3235 1280 3294 seque
1339 3263 1342 3270 .

186 3304 263 3344 extra
281 3296 431 3362 periculum
452 3297 662 3349 arbitrabantur.
705 3299 820 3348 m'auime
837 3313 901 3350 vero
922 3299 1031 3366 supinos
1050 3315 1096 3347 eos
1119 3298 1282 3347 Francorum

186 3365 306 3416 defectio
324 3366 460 3431 reddidit,
486 3370 548 3437 qui,
575 3371 675 3420 nostris
700 3369 794 3432 initio,
819 3375 849 3422 ut
868 3369 1002 3431 diximus,
1031 3368 1060 3419 in
1079 3368 1169 3434 largam
1188 3368 1280 3428 versis,

186 3453 203 3486 a
229 3445 307 3505 patre
330 3454 390 3489 meo
416 3439 450 3488 ad
479 3441 641 3505 Bryenuium
666 3440 840 3492 desciverant.
888 3456 1002 3508 cumque
1032 3440 1110 3507 equis
1139 3437 1281 3488 desilirent

188 3514 235 3567 et,
264 3507 313 3574 qui
339 3511 443 3577 patrius
472 3511 537 3580 ipsis
556 3511 636 3562 fldem
658 3510 742 3562 dandi
766 3529 823 3564 mos
844 3520 901 3574 est,
929 3509 1050 3562 dextram
1069 3512 1209 3571 ollerreut,
1233 3509 1281 3558 alii

188 3575 302 3629 aliunde
319 3578 360 3630 ibi
380 3580 548 3645 confluxere,
568 3584 713 3650 spectaturi
723 3621 732 3646 ,
745 3578 748 3590 '
760 3581 829 3653 quid
859 3591 991 3650 ageretur.
1033 3579 1188 3650 percrebuit
1210 3581 1281 3630 euim

186 3657 248 3699 toto
280 3652 400 3704 exercitu
427 3652 516 3716 saura,
545 3655 626 3706 etiam
652 3654 782 3716 Francos,
814 3653 908 3705 relicto
943 3653 1012 3704 (luce
1037 3669 1086 3702 suo
1111 3651 1221 3713 Alexio,
1246 3649 1281 3701 ad

186 3720 372 3784 Bryeuuianos
402 3724 547 3775 transiisse.
588 3740 648 3775 cum
667 3726 748 3792 igitur
773 3733 801 3776 ct
825 3732 902 3793 pater
927 3741 1002 3774 meus
1021 3731 1048 3774 et
1070 3723 1118 3792 qui
1135 3721 1215 3772 modo
1233 3721 1282 3772 ad-

187 3801 318 3842 venerant
335 3793 416 3843 Turci
448 3795 485 3845 ita
513 3796 640 3846 confusos
670 3795 761 3846 hostes
787 3804 944 3855 cernerent,
966 3794 1098 3846 trifariam
1123 3793 1207 3861 copiis
1225 3793 1281 3843 suis

187 3859 348 3926 distributis,
372 3863 439 3914 duas
464 3874 554 3933 parter
570 3867 599 3918 in
621 3866 727 3917 insidiis
745 3866 846 3918 alicubi
871 3866 1035 3926 subsistere,
1054 3863 1161 3916 tertiam
1182 3866 1210 3914 iu
1230 3862 1281 3914 ho-

188 3939 242 3982 stes
269 3935 399 4002 impetum
426 3935 513 3988 facere
541 3937 660 4004 placuit,
689 3937 773 4006 idque
803 3937 945 3989 consilium
969 3953 984 3986 a
1010 3945 1087 4004 patre
1106 3950 1167 3986 meo
1185 3935 1280 3984 Alexio
1307 3943 1308 3948 ’

187 4001 340 4072 profectum
361 4015 427 4058 erat.
464 4007 512 4060 sed
531 4007 612 4060 Turci
636 4013 691 4060 non
708 4009 765 4060 acie
792 4025 883 4060 omnes
904 4009 984 4058 simul
1002 4005 1215 4067 adoriebantur,
1233 4003 1281 4056 sed

186 4077 330 4140 seperatim
359 4079 471 4146 singulis
492 4080 605 4142 turmis,
624 4081 712 4146 spatio
739 4081 811 4131 inter
830 4096 858 4130 se
875 4078 1013 4130 distantes.
1052 4085 1280 4146 quarumturma-

188 4161 246 4195 rum
265 4165 389 4218 quaeque
409 4151 479 4201 iussa
498 4157 540 4201 est
565 4151 683 4202 incitatis
702 4153 777 4220 equis
798 4152 827 4202 in
853 4149 945 4202 hostes
965 4152 1068 4202 irruere
1086 4148 1197 4217 telaque
1215 4147 1281 4214 plu-

186 4215 254 4266 rima
273 4219 416 4272 coniicere.
453 4221 618 4290 sequebatur
634 4222 743 4275 diculus
762 4229 840 4293 pater
859 4237 950 4285 meus,
975 4223 1023 4295 qui
1043 4219 1161 4272 universi
1178 4218 1281 4270 exerci-

246 4323 328 4376 Anna
349 4325 499 4381 Comurna.
863 4333 865 4338 '
1070 4324 1102 4376 3·
