3102 4902
263 297 360 360 xxw
594 295 789 362 tunovrct
820 294 1021 364 scttorntu

262 453 392 526 novius
403 475 486 524 usus
501 465 565 546 est,
579 457 836 552 cognationem
849 457 985 530 habere
1000 457 1206 550 maximam,
1220 479 1352 553 quam-

260 575 313 646 vis
337 599 458 648 rursus
489 575 729 673 nonduin,
756 602 850 678 quae
881 571 1069 678 utriusque
1093 580 1176 654 libri
1202 577 1352 684 diversi-

261 709 375 770 tatem
400 713 559 796 arguant.

357 826 433 892 Iam
466 821 513 894 de
548 825 722 919 consilio,
754 823 859 922 quod
897 827 936 898 in
966 822 1181 898 adornando
1206 825 1350 898 Alexia-

260 946 317 1018 dis
337 959 436 1018 textu
452 961 595 1020 secutus
619 973 712 1050 sum,
737 975 851 1046 pauca
874 949 1006 1024 dicam.
1057 951 1098 1022 In
1121 975 1197 1047 quo
1218 975 1349 1048 genere

258 1071 355 1146 hauc
380 1069 473 1156 mihi
506 1071 622 1168 legem
660 1074 853 1166 constitui,
877 1086 918 1146 ut
941 1074 1051 1146 verba
1072 1072 1119 1144 ad
1143 1073 1258 1146 solam
1286 1098 1349 1144 co·
1435 1055 1445 1072 ’

257 1193 381 1265 dicunt
423 1194 675 1267 auctoritatem
712 1191 947 1288 exhiberem,
991 1217 1113 1292 neque
1144 1217 1298 1293 usquam
1328 1217 1349 1266 a

255 1317 452 1413 scriptura,
478 1316 594 1413 qualis
619 1317 657 1390 in
686 1315 847 1390 editione
873 1319 1033 1391 Parisina
1059 1330 1173 1412 extat,
1197 1316 1348 1389 recede-

255 1463 355 1532 rem,
385 1441 456 1514 nisi
480 1444 636 1516 aliorum
674 1444 852 1516 librorum
889 1443 996 1518 lectio
1029 1443 1086 1515 rel
1109 1443 1163 1516 rei
1187 1443 1351 1535 veritati,

226 1664 228 1668 ι
255 1563 313 1635 v'el
337 1565 522 1662 analogiae
546 1567 814 1663 grammaticae,
840 1567 896 1639 vel
921 1565 1082 1663 denique
1108 1564 1248 1639 Annaei
1272 1589 1348 1638 ser-

252 1687 375 1760 monis
402 1685 655 1762 consuetudini
672 1689 942 1787 elegantiaeque
968 1690 1081 1788 magis
1102 1701 1348 1764 consentanea

254 1809 451 1886 videretur,
501 1813 569 1884 Ubi
596 1837 681 1886 vero
707 1815 792 1886 libri
817 1815 866 1887 ob
890 1813 1158 1910 depravationis
1182 1838 1348 1887 commu·-

255 1933 405 2008 nionem
441 1961 501 2010 me
532 1936 790 2034 destiurerent,
821 1964 842 2011 a
867 1938 1100 2012 coniectandi
1131 1951 1227 2034 arte,
1252 1962 1347 2037 quae

256 2058 427 2132 codicum
458 2061 594 2134 vicaria
631 2073 703 2156 est,
739 2063 910 2138 auxilium
946 2063 1048 2160 petii.
1113 2062 1347 2161 Quamquam

257 2181 436 2256 eiusmodi
462 2187 504 2258 in
525 2187 616 2260 locis
639 2186 767 2260 sedulo
793 2189 892 2282 cari,
915 2211 983 2282 ne,
1005 2185 1129 2284 siquid
1154 2187 1300 2284 ingenio
1326 2211 1348 2260 a

256 2329 316 2378 me
340 2321 526 2404 repertum
551 2323 665 2405 esset,
695 2313 736 2385 in
763 2311 937 2403 ,ordinem
971 2325 1109 2384 temere
1132 2313 1346 2407 reciperem.

255 2431 446 2504 Praeterea
464 2431 811 2532 interpunctionem,
836 2457 947 2530 quam
961 2435 1132 2504 Possinus
1148 2455 1191 2502 ex
1217 2428 1347 2503 codice

216 2625 225 2640 „
254 2577 320 2624 suo
345 2554 652 2650 perversissimam
669 2557 879 2656 reliquerat,
905 2553 1038 2652 passim
1054 2554 1204 2646 mutavi,
1229 2577 1346 2650 eaque

251 2661 394 2750 solare
429 2679 532 2751 effeci
566 2701 852 2776 nonnunquam,
885 2690 926 2752 ut
948 2675 1042 2770 loci,
1072 2673 1121 2747 ad
1142 2673 1346 2772 intelligen-

250 2797 343 2872 dum
374 2815 480 2874 antea
514 2801 705 2900 impediti,
739 2803 858 2874 lucem
901 2801 1193 2876 nanciscerentur
1231 2821 1344 2870 suam.

253 2920 407 2996 Codices
438 2926 567 3026 litteris
606 2927 679 2998 stris
710 2927 909 3000 initialibus
947 2923 1104 2998 distinxi.
1162 2922 1272 3022 Igitur
1303 2923 1344 2992 Ρ.

251 3045 430 3142 significat
453 3049 621 3120 codicem
644 3051 785 3122 Possini
810 3049 883 3120 sire
906 3046 1106 3120 editionem
1134 3047 1347 3140 Parisinam,

251 3170 287 3238 F.
314 3171 580 3268 Florentinum,
606 3171 644 3244 C.
672 3171 953 3265 Coislinianum,
989 3170 1030 3242 G.
1058 3169 1345 3262 Gronovianum,

249 3291 291 3363 A.
323 3290 565 3392 Augustanam
599 3298 812 3394 Epitcmen,
851 3297 889 3368 E.
922 3296 1108 3392 Epitomas
1148 3291 1345 3387 Gronovii,

250 3415 304 3486 Fr.
331 3416 585 3514 Fragmentum
618 3417 756 3491 codicis
789 3419 954 3492 Parisini.
1005 3416 1132 3490 Sicubi
1164 3418 1205 3490 in
1230 3441 1344 3514 appa·

246 3551 328 3610 ratu
353 3540 479 3613 critico
506 3542 615 3614 unius
646 3541 817 3615 editionis
845 3540 1029 3614 Parisinus
1061 3541 1260 3612 lectionem
1285 3539 1344 3611 in-

246 3658 383 3754 dicavi,
415 3663 519 3761 quod
552 3663 746 3762 aliquoties
775 3664 909 3736 factum
949 3663 1121 3756 memini,
1152 3661 1343 3735 sciendum

246 3796 312 3880 est,
336 3772 453 3858 tentus
479 3789 694 3885 scripturam
720 3789 947 3885 reliquorum
975 3784 1145 3860 codicum
1160 3783 1235 3858 fide
1260 3785 1340 3856 niti.

346 3911 537 3984 Volumine
563 3915 676 3986 altero
691 3913 960 3984 exhibebuntur
972 3910 1236 3984 annotationes
1261 3931 1341 3979 me·

244 4056 299 4125 ae,
325 4033 363 4105 in
389 4035 523 4132 quibus
549 4061 634 4108 cum
658 4037 760 4108 locos
783 4033 1005 4108 difficiliores
1021 4035 1085 4106 ¹vel
1112 4030 1341 4104 obscuriores

240 4155 448 4253 illustrabo,
478 4173 557 4234 tum
595 4159 784 4253 lectionis,
816 4159 890 4234 sive
928 4182 1044 4232 novae
1082 4155 1156 4230 sive
1182 4154 1339 4228 intactae
